2013-12-23 00:00:02,sell,0.1,0.1310
2013-12-23 00:00:10,buy,0.1,0.1334
2013-12-23 00:11:15,sell,66.8,0.1335
2013-12-23 00:13:53,sell,25.0,0.1335
2013-12-23 00:13:55,sell,25.0,0.1335
2013-12-23 00:13:56,sell,25.0,0.1335
2013-12-23 00:13:57,sell,16.0,0.1335
2013-12-23 00:19:51,sell,13.1,0.1310
2013-12-23 00:22:40,sell,58.6,0.1303
2013-12-23 00:34:14,sell,129.8,0.1298
2013-12-23 00:35:12,buy,500.0,0.1300
2013-12-23 01:08:55,sell,1239.3,0.1294
2013-12-23 01:30:35,sell,6.5,0.1300
2013-12-23 01:31:48,sell,258.8,0.1294
2013-12-23 01:31:49,sell,258.8,0.1294
2013-12-23 01:40:06,buy,18.5,0.1310
2013-12-23 07:02:26,sell,0.0,0.1310
2013-12-23 07:03:23,sell,0.0,0.1310
2013-12-23 07:44:46,sell,130.3,0.1310
2013-12-23 07:44:46,sell,130.3,0.1310
2013-12-23 07:58:20,buy,524.7,0.1320
2013-12-23 07:59:50,buy,49.5,0.1330
2013-12-23 07:59:58,buy,1041.7,0.1330
2013-12-23 08:00:12,buy,1041.7,0.1330
2013-12-23 08:00:21,buy,1041.7,0.1330
2013-12-23 08:00:33,buy,672.2,0.1330
2013-12-23 08:01:31,buy,26.9,0.1330
2013-12-23 08:02:02,buy,50.0,0.1330
2013-12-23 08:09:46,buy,99.0,0.1346
2013-12-23 08:13:49,sell,1.4,0.1330
2013-12-23 08:32:45,sell,120.6,0.1340
2013-12-23 08:52:33,sell,20.0,0.1332
2013-12-23 08:57:48,sell,13.3,0.1332
2013-12-23 09:14:20,buy,4587.9,0.1350
2013-12-23 09:14:20,buy,4587.9,0.1350
2013-12-23 09:14:20,buy,4587.9,0.1350
2013-12-23 09:14:20,buy,4587.9,0.1350
2013-12-23 09:14:20,buy,4587.9,0.1350
2013-12-23 09:14:20,buy,4587.9,0.1350
2013-12-23 09:14:20,buy,4587.9,0.1350
2013-12-23 09:14:20,buy,4587.9,0.1350
2013-12-23 09:33:29,buy,300.0,0.1340
2013-12-23 09:35:06,sell,6.7,0.1330
2013-12-23 10:24:29,buy,0.6,0.1330
2013-12-23 10:24:30,buy,0.6,0.1330
2013-12-23 10:27:03,buy,189.4,0.1320
2013-12-23 10:28:06,buy,189.4,0.1320
2013-12-23 10:28:10,buy,189.4,0.1320
2013-12-23 10:30:02,buy,189.7,0.1318
2013-12-23 10:31:23,buy,400.0,0.1318
2013-12-23 10:42:24,sell,200.0,0.1321
2013-12-23 10:42:35,sell,181.1,0.1321
2013-12-23 10:42:35,sell,181.1,0.1321
2013-12-23 10:42:51,buy,188.0,0.1330
2013-12-23 10:42:51,buy,1000.0,0.1330
2013-12-23 10:42:52,buy,1000.0,0.1330
2013-12-23 10:42:52,buy,830.0,0.1330
2013-12-23 10:42:54,buy,200.0,0.1330
2013-12-23 10:42:54,buy,200.0,0.1330
2013-12-23 10:42:56,buy,200.0,0.1330
2013-12-23 10:42:57,buy,200.0,0.1330
2013-12-23 10:42:57,buy,200.0,0.1330
2013-12-23 10:43:04,buy,1000.0,0.1330
2013-12-23 10:43:04,buy,830.8,0.1330
2013-12-23 10:43:05,buy,200.0,0.1330
2013-12-23 10:43:07,buy,200.0,0.1330
2013-12-23 10:43:07,buy,200.0,0.1330
2013-12-23 10:43:07,buy,200.0,0.1330
2013-12-23 10:43:08,buy,200.0,0.1330
2013-12-23 10:43:08,buy,186.6,0.1330
2013-12-23 10:43:09,buy,186.6,0.1340
2013-12-23 10:43:09,buy,186.6,0.1340
2013-12-23 10:43:10,buy,186.6,0.1340
2013-12-23 10:43:10,buy,186.6,0.1340
2013-12-23 10:43:14,buy,186.6,0.1340
2013-12-23 10:43:20,buy,186.6,0.1340
2013-12-23 10:43:24,buy,118.6,0.1340
2013-12-23 10:43:24,buy,118.6,0.1340
2013-12-23 10:43:24,buy,186.6,0.1340
2013-12-23 10:43:28,buy,186.6,0.1340
2013-12-23 10:43:33,buy,186.6,0.1340
2013-12-23 10:43:38,buy,186.6,0.1340
2013-12-23 10:43:42,buy,186.6,0.1340
2013-12-23 10:43:47,buy,136.2,0.1340
2013-12-23 10:43:47,buy,136.2,0.1340
2013-12-23 10:43:52,buy,186.6,0.1340
2013-12-23 10:43:56,buy,186.6,0.1340
2013-12-23 10:43:56,buy,186.6,0.1340
2013-12-23 10:44:00,buy,186.6,0.1340
2013-12-23 10:44:04,buy,186.6,0.1340
2013-12-23 10:44:08,buy,186.6,0.1340
2013-12-23 10:44:13,buy,186.6,0.1340
2013-12-23 10:44:19,buy,186.6,0.1340
2013-12-23 10:44:23,buy,186.6,0.1340
2013-12-23 10:44:27,buy,186.6,0.1340
2013-12-23 10:44:31,buy,186.6,0.1340
2013-12-23 10:44:36,buy,186.6,0.1340
2013-12-23 10:44:40,buy,186.6,0.1340
2013-12-23 10:44:44,buy,186.6,0.1340
2013-12-23 10:44:48,buy,186.6,0.1340
2013-12-23 10:44:52,buy,186.6,0.1340
2013-12-23 10:44:56,buy,186.6,0.1340
2013-12-23 10:45:00,buy,186.6,0.1340
2013-12-23 10:47:26,buy,186.6,0.1340
2013-12-23 10:47:28,buy,186.6,0.1340
2013-12-23 10:47:30,buy,186.6,0.1340
2013-12-23 10:47:31,buy,186.6,0.1340
2013-12-23 10:47:33,buy,186.6,0.1340
2013-12-23 10:47:33,buy,186.6,0.1340
2013-12-23 10:47:34,buy,186.6,0.1340
2013-12-23 10:47:34,buy,186.6,0.1340
2013-12-23 10:47:40,buy,186.6,0.1340
2013-12-23 10:47:40,buy,186.6,0.1340
2013-12-23 10:47:43,buy,186.6,0.1340
2013-12-23 10:48:21,buy,0.0,0.1340
2013-12-23 10:48:21,buy,0.0,0.1340
2013-12-23 10:48:22,buy,0.0,0.1340
2013-12-23 10:48:25,buy,0.0,0.1340
2013-12-23 10:48:30,buy,0.0,0.1340
2013-12-23 10:48:38,buy,186.8,0.1338
2013-12-23 10:48:42,buy,0.0,0.1340
2013-12-23 10:48:52,buy,0.0,0.1340
2013-12-23 10:48:56,buy,0.0,0.1340
2013-12-23 10:48:59,buy,0.0,0.1340
2013-12-23 10:56:39,sell,1852.9,0.1321
2013-12-23 10:56:39,sell,1852.9,0.1321
2013-12-23 10:57:42,sell,9.3,0.1322
2013-12-23 11:02:42,sell,25.0,0.1340
2013-12-23 11:02:46,sell,3.0,0.1340
2013-12-23 11:03:59,sell,0.8,0.1340
2013-12-23 11:09:14,buy,1128.7,0.1329
2013-12-23 11:09:28,sell,132.1,0.1321
2013-12-23 11:11:46,buy,1504.9,0.1329
2013-12-23 11:12:06,sell,85.8,0.1320
2013-12-23 11:12:06,sell,85.8,0.1320
2013-12-23 11:39:26,sell,8.3,0.1310
2013-12-23 11:39:26,sell,8.3,0.1310
2013-12-23 11:39:26,sell,8.3,0.1310
2013-12-23 11:52:22,buy,4.4,0.1325
2013-12-23 11:52:22,buy,4.4,0.1325
2013-12-23 11:52:22,buy,4.4,0.1325
2013-12-23 11:52:22,buy,4.4,0.1325
2013-12-23 12:11:54,buy,1009.8,0.1325
2013-12-23 12:12:07,buy,1019.8,0.1310
2013-12-23 12:12:12,buy,53.4,0.1310
2013-12-23 12:14:16,buy,0.2,0.1320
2013-12-23 12:14:58,buy,0.0,0.1320
2013-12-23 12:16:25,buy,49.8,0.1320
2013-12-23 12:16:49,buy,2.7,0.1325
2013-12-23 12:24:40,sell,98.2,0.1310
2013-12-23 12:24:40,sell,98.2,0.1310
2013-12-23 12:30:13,buy,2.5,0.1320
2013-12-23 12:30:13,buy,2.5,0.1320
2013-12-23 12:35:20,buy,188.0,0.1326
2013-12-23 12:38:03,buy,0.0,0.1326
2013-12-23 13:02:48,buy,10.0,0.1327
2013-12-23 13:50:12,buy,3000.0,0.1313
2013-12-23 13:50:12,buy,132.2,0.1313
2013-12-23 13:55:11,sell,25.0,0.1313
2013-12-23 13:55:11,sell,25.0,0.1313
2013-12-23 13:55:12,sell,15.0,0.1313
2013-12-23 14:08:19,sell,0.1,0.1320
2013-12-23 14:16:10,sell,25.0,0.1322
2013-12-23 14:16:15,sell,25.0,0.1322
2013-12-23 14:16:21,sell,16.0,0.1321
2013-12-23 14:19:42,sell,25.0,0.1321
2013-12-23 14:19:48,sell,14.0,0.1321
2013-12-23 14:19:48,sell,0.1,0.1321
2013-12-23 14:22:47,buy,50.4,0.1320
2013-12-23 14:24:52,sell,8.0,0.1321
2013-12-23 14:29:13,sell,6.0,0.1320
2013-12-23 14:32:36,buy,3700.0,0.1335
2013-12-23 14:32:36,buy,3700.0,0.1335
2013-12-23 14:32:36,buy,3700.0,0.1335
2013-12-23 14:38:15,sell,2595.9,0.1301
2013-12-23 14:38:15,sell,2595.9,0.1301
2013-12-23 14:38:15,sell,2595.9,0.1301
2013-12-23 14:38:53,sell,172.4,0.1296
2013-12-23 14:38:53,sell,172.4,0.1296
2013-12-23 14:39:10,sell,1.9,0.1300
2013-12-23 14:40:51,sell,261.1,0.1296
2013-12-23 14:41:18,sell,64.4,0.1296
2013-12-23 14:45:11,sell,44.8,0.1296
2013-12-23 14:49:41,sell,48.5,0.1296
2013-12-23 14:54:42,buy,100.0,0.1296
2013-12-23 14:54:55,buy,0.0,0.1296
2013-12-23 15:17:34,sell,343.3,0.1296
2013-12-23 15:17:34,sell,343.3,0.1296
2013-12-23 15:20:32,buy,100.0,0.1309
2013-12-23 15:20:32,sell,5.4,0.1290
2013-12-23 15:36:54,sell,130.1,0.1301
2013-12-23 15:37:59,sell,129.2,0.1300
2013-12-23 15:51:47,buy,51.0,0.1290
2013-12-23 15:51:53,buy,10.0,0.1290
2013-12-23 15:53:11,buy,0.1,0.1290
2013-12-23 15:55:09,sell,2.0,0.1290
2013-12-23 15:56:36,sell,64.5,0.1290
2013-12-23 16:00:05,sell,0.1,0.1284
2013-12-23 16:00:45,sell,0.1,0.1284
2013-12-23 16:01:18,buy,476.4,0.1290
2013-12-23 16:01:19,buy,193.8,0.1290
2013-12-23 16:01:19,buy,200.0,0.1290
2013-12-23 16:01:19,buy,200.0,0.1290
2013-12-23 16:01:19,buy,200.0,0.1290
2013-12-23 16:01:22,buy,203.1,0.1290
2013-12-23 16:03:17,sell,42.9,0.1285
2013-12-23 16:06:30,sell,6.0,0.1285
2013-12-23 16:10:47,sell,209.9,0.1283
2013-12-23 16:10:48,sell,209.9,0.1283
2013-12-23 16:11:32,sell,25.0,0.1283
2013-12-23 16:11:32,sell,25.0,0.1283
2013-12-23 16:11:36,sell,25.0,0.1283
2013-12-23 16:11:42,sell,25.0,0.1283
2013-12-23 16:11:48,sell,25.0,0.1283
2013-12-23 16:11:50,sell,25.0,0.1283
2013-12-23 16:11:52,sell,25.0,0.1283
2013-12-23 16:11:58,sell,25.0,0.1283
2013-12-23 16:12:02,sell,32.7,0.1282
2013-12-23 16:12:02,sell,32.7,0.1282
2013-12-23 16:16:29,sell,2.6,0.1282
2013-12-23 16:18:23,buy,3.3,0.1283
2013-12-23 16:20:08,buy,1.0,0.1283
2013-12-23 16:20:29,sell,3.4,0.1280
2013-12-23 16:20:29,sell,3.4,0.1280
2013-12-23 16:20:29,sell,3.4,0.1280
2013-12-23 16:20:29,sell,3.4,0.1280
2013-12-23 16:24:43,sell,1.7,0.1309
2013-12-23 16:24:53,buy,13.2,0.1300
2013-12-23 16:24:53,sell,6.5,0.1309
2013-12-23 16:24:53,sell,6.5,0.1309
2013-12-23 16:24:53,sell,6.5,0.1309
2013-12-23 16:24:53,sell,6.5,0.1309
2013-12-23 16:24:53,sell,6.5,0.1309
2013-12-23 16:24:53,sell,6.5,0.1309
2013-12-23 16:24:53,sell,6.5,0.1309
2013-12-23 16:24:53,sell,6.5,0.1309
2013-12-23 16:24:53,sell,6.5,0.1309
2013-12-23 16:34:00,buy,6.0,0.1300
2013-12-23 16:35:08,buy,1252.9,0.1309
2013-12-23 16:35:08,buy,1252.9,0.1309
2013-12-23 16:35:52,sell,157.3,0.1280
2013-12-23 16:35:53,sell,157.3,0.1280
2013-12-23 16:36:46,buy,5.0,0.1300
2013-12-23 16:37:18,buy,5.0,0.1300
2013-12-23 16:46:10,sell,30.8,0.1282
2013-12-23 16:47:03,buy,5.0,0.1300
2013-12-23 16:55:24,buy,200.0,0.1300
2013-12-23 16:56:53,buy,200.0,0.1300
2013-12-23 17:04:55,sell,93.1,0.1285
2013-12-23 17:04:55,sell,93.1,0.1285
2013-12-23 17:05:44,buy,6.0,0.1300
2013-12-23 17:44:18,buy,500.0,0.1300
2013-12-23 17:44:18,buy,500.0,0.1300
2013-12-23 17:44:18,buy,71.9,0.1300
2013-12-23 17:46:49,sell,6.4,0.1285
2013-12-23 17:46:49,sell,6.4,0.1285
2013-12-23 17:46:49,sell,6.4,0.1285
2013-12-23 18:01:58,sell,204.6,0.1282
2013-12-23 18:10:01,buy,200.0,0.1282
2013-12-23 18:13:38,buy,1000.0,0.1282
2013-12-23 18:19:26,buy,300.0,0.1282
2013-12-23 18:21:16,buy,500.0,0.1282
2013-12-23 18:25:06,sell,249.6,0.1280
2013-12-23 18:27:38,sell,600.2,0.1280
2013-12-23 18:36:14,sell,13.6,0.1280
2013-12-23 18:36:14,sell,13.6,0.1280
2013-12-23 18:37:02,sell,2.6,0.1280
2013-12-23 18:42:42,sell,2.6,0.1280
2013-12-23 18:42:54,sell,128.0,0.1280
2013-12-23 18:45:52,sell,11.5,0.1281
2013-12-23 18:50:11,buy,109.2,0.1282
2013-12-23 18:51:26,sell,3.0,0.1281
2013-12-23 19:01:03,buy,500.0,0.1280
2013-12-23 19:01:03,sell,0.1,0.1280
2013-12-23 19:02:10,sell,115.2,0.1280
2013-12-23 19:02:10,sell,115.2,0.1280
2013-12-23 19:03:09,buy,26.0,0.1280
2013-12-23 19:07:45,sell,43.1,0.1280
2013-12-23 19:08:31,sell,0.1,0.1280
2013-12-23 19:10:03,sell,0.3,0.1280
2013-12-23 19:11:29,sell,25.0,0.1282
2013-12-23 19:12:21,buy,5.0,0.1282
2013-12-23 19:13:15,buy,1.0,0.1282
2013-12-23 19:28:37,sell,600.0,0.1280
2013-12-23 19:35:48,sell,127.0,0.1270
2013-12-23 19:36:59,buy,200.0,0.1270
2013-12-23 19:37:05,buy,196.9,0.1270
2013-12-23 19:37:05,buy,200.0,0.1270
2013-12-23 19:37:05,buy,200.0,0.1270
2013-12-23 19:37:11,buy,200.0,0.1270
2013-12-23 19:37:11,buy,180.0,0.1270
2013-12-23 19:37:11,buy,43.6,0.1270
2013-12-23 19:37:14,buy,196.9,0.1270
2013-12-23 19:37:14,buy,200.0,0.1270
2013-12-23 19:37:14,buy,200.0,0.1270
2013-12-23 19:48:21,sell,214.7,0.1270
2013-12-23 19:48:21,sell,214.7,0.1270
2013-12-23 19:48:21,sell,214.7,0.1270
2013-12-23 20:04:37,sell,178.4,0.1278
2013-12-23 20:04:37,sell,178.4,0.1278
2013-12-23 20:09:47,buy,46.0,0.1270
2013-12-23 20:12:42,sell,729.6,0.1280
2013-12-23 20:15:14,buy,195.3,0.1280
2013-12-23 20:15:24,buy,200.0,0.1280
2013-12-23 20:15:24,buy,195.3,0.1280
2013-12-23 20:15:24,buy,200.0,0.1280
2013-12-23 20:15:26,buy,1000.0,0.1290
2013-12-23 20:15:28,buy,1000.0,0.1290
2013-12-23 20:15:28,buy,792.0,0.1290
2013-12-23 20:15:31,buy,200.0,0.1290
2013-12-23 20:15:31,buy,200.0,0.1290
2013-12-23 20:15:31,buy,200.0,0.1290
2013-12-23 20:15:35,buy,200.0,0.1290
2013-12-23 20:15:35,buy,200.0,0.1290
2013-12-23 20:15:39,buy,200.0,0.1290
2013-12-23 20:17:42,sell,0.7,0.1290
2013-12-23 20:21:58,sell,13.4,0.1280
2013-12-23 20:22:15,sell,37.0,0.1290
2013-12-23 20:26:31,buy,0.1,0.1280
2013-12-23 20:27:31,buy,60.0,0.1280
2013-12-23 20:28:01,buy,10.0,0.1280
2013-12-23 20:32:33,buy,250.0,0.1280
2013-12-23 20:37:18,buy,95.0,0.1280
2013-12-23 20:38:21,sell,1.3,0.1274
2013-12-23 20:38:36,buy,100.0,0.1280
2013-12-23 20:39:55,sell,1.0,0.1274
2013-12-23 20:41:16,buy,7.8,0.1274
2013-12-23 20:42:17,sell,21.0,0.1274
2013-12-23 20:46:00,sell,88.9,0.1274
2013-12-23 20:49:38,buy,554.7,0.1274
2013-12-23 20:50:41,buy,240.0,0.1274
2013-12-23 20:50:42,buy,240.0,0.1274
2013-12-23 20:52:05,sell,0.1,0.1273
2013-12-23 20:53:00,sell,1.3,0.1270
2013-12-23 20:54:41,sell,58.4,0.1270
2013-12-23 20:54:41,sell,58.4,0.1270
2013-12-23 20:55:19,sell,76.2,0.1270
2013-12-23 20:55:47,sell,148.3,0.1270
2013-12-23 20:56:02,sell,2540.0,0.1270
2013-12-23 20:57:08,sell,1193.8,0.1270
2013-12-23 20:57:08,sell,1193.8,0.1270
2013-12-23 20:57:43,sell,1651.0,0.1270
2013-12-23 20:58:21,sell,28.4,0.1261
2013-12-23 20:58:21,sell,28.4,0.1261
2013-12-23 20:58:43,buy,181.5,0.1267
2013-12-23 20:58:56,buy,197.3,0.1267
2013-12-23 20:59:01,buy,197.3,0.1267
2013-12-23 20:59:38,buy,198.1,0.1262
2013-12-23 20:59:42,buy,198.1,0.1262
2013-12-23 20:59:55,buy,198.1,0.1262
2013-12-23 20:59:59,buy,198.1,0.1262
2013-12-23 21:00:03,buy,198.1,0.1262
2013-12-23 21:00:07,buy,198.1,0.1262
2013-12-23 21:00:11,buy,198.1,0.1262
2013-12-23 21:00:15,buy,198.1,0.1262
2013-12-23 21:01:29,buy,0.1,0.1262
2013-12-23 21:01:44,buy,0.1,0.1262
2013-12-23 21:01:52,buy,2.5,0.1262
2013-12-23 21:03:08,buy,399.2,0.1261
2013-12-23 21:03:42,sell,6.3,0.1260
2013-12-23 21:04:14,buy,198.6,0.1259
2013-12-23 21:04:24,buy,198.6,0.1259
2013-12-23 21:04:27,buy,198.6,0.1259
2013-12-23 21:05:17,buy,198.6,0.1259
2013-12-23 21:05:54,buy,1016.1,0.1259
2013-12-23 21:06:02,buy,1016.1,0.1259
2013-12-23 21:06:15,buy,1016.1,0.1259
2013-12-23 21:06:32,buy,1016.1,0.1259
2013-12-23 21:06:32,buy,3971.4,0.1259
2013-12-23 21:06:49,buy,477.3,0.1259
2013-12-23 21:07:31,buy,48.1,0.1260
2013-12-23 21:13:02,buy,1.0,0.1267
2013-12-23 21:15:28,sell,1.0,0.1287
2013-12-23 21:15:44,sell,999.0,0.1287
2013-12-23 21:15:45,sell,51.5,0.1287
2013-12-23 21:15:53,sell,1.0,0.1287
2013-12-23 21:15:56,buy,100.0,0.1287
2013-12-23 21:16:26,sell,64.4,0.1287
2013-12-23 21:16:54,buy,32.0,0.1285
2013-12-23 21:18:10,sell,257.1,0.1285
2013-12-23 21:18:50,buy,2080.6,0.1287
2013-12-23 21:19:29,sell,250.0,0.1285
2013-12-23 21:28:24,sell,16.3,0.1270
2013-12-23 21:35:41,buy,100.0,0.1285
2013-12-23 21:59:49,buy,198.1,0.1262
2013-12-23 22:00:11,buy,198.1,0.1262
2013-12-23 22:03:29,sell,14.0,0.1260
2013-12-23 22:03:33,sell,14.0,0.1260
2013-12-23 22:03:37,sell,14.0,0.1260
2013-12-23 22:03:41,sell,14.0,0.1260
2013-12-23 22:03:45,sell,14.0,0.1260
2013-12-23 22:03:49,sell,14.0,0.1260
2013-12-23 22:03:53,sell,14.0,0.1260
2013-12-23 22:03:58,sell,14.0,0.1260
2013-12-23 22:04:02,sell,14.0,0.1260
2013-12-23 22:04:05,sell,14.0,0.1260
2013-12-23 22:04:13,sell,378.0,0.1260
2013-12-23 22:04:27,sell,14.0,0.1260
2013-12-23 22:04:52,sell,25.0,0.1261
2013-12-23 22:04:59,sell,25.0,0.1261
2013-12-23 22:05:08,sell,25.0,0.1261
2013-12-23 22:05:12,sell,25.0,0.1261
2013-12-23 22:05:17,sell,25.0,0.1261
2013-12-23 22:05:21,sell,22.0,0.1261
2013-12-23 22:07:39,sell,126.1,0.1261
2013-12-23 22:10:39,buy,14.1,0.1267
2013-12-23 22:16:33,buy,18.0,0.1270
2013-12-23 22:19:58,sell,0.0,0.1268
2013-12-23 22:23:02,sell,8.9,0.1268
2013-12-23 22:25:06,buy,0.4,0.1280
2013-12-23 22:25:06,buy,0.4,0.1280
2013-12-23 22:31:38,buy,100.0,0.1287
2013-12-23 22:47:28,buy,0.0,0.1287
2013-12-23 22:49:19,buy,1.8,0.1287
2013-12-23 22:50:15,buy,2.6,0.1287
2013-12-23 22:52:29,buy,43.0,0.1287
2013-12-23 23:09:19,buy,4.7,0.1285
2013-12-23 23:09:33,buy,2841.9,0.1286
2013-12-23 23:09:33,buy,2841.9,0.1286
2013-12-23 23:09:55,buy,2223.7,0.1286
2013-12-23 23:10:54,buy,203.9,0.1286
2013-12-23 23:17:01,sell,3.8,0.1272
2013-12-23 23:22:55,buy,1.0,0.1286
2013-12-23 23:23:08,buy,1555.6,0.1286
2013-12-23 23:23:30,buy,3000.0,0.1286
2013-12-23 23:23:46,buy,3889.0,0.1286
2013-12-23 23:25:26,buy,226.9,0.1286
2013-12-23 23:25:30,buy,366.1,0.1286
2013-12-23 23:25:40,buy,3995.3,0.1286
2013-12-23 23:27:35,buy,200.0,0.1285
2013-12-23 23:27:35,buy,200.0,0.1285
2013-12-23 23:27:39,buy,200.0,0.1286
2013-12-23 23:27:39,buy,200.0,0.1286
2013-12-23 23:27:43,buy,200.0,0.1286
2013-12-23 23:27:43,buy,200.0,0.1286
2013-12-23 23:27:47,buy,200.0,0.1286
2013-12-23 23:27:47,buy,66.9,0.1286
2013-12-23 23:29:37,buy,9.0,0.1286
2013-12-23 23:29:37,buy,9.0,0.1286
2013-12-23 23:29:50,buy,1017.2,0.1286
2013-12-23 23:30:00,buy,41.9,0.1286
2013-12-23 23:30:08,buy,41.9,0.1286
2013-12-23 23:30:20,buy,41.9,0.1286
2013-12-23 23:30:30,buy,41.9,0.1286
2013-12-23 23:31:14,buy,557.2,0.1286
2013-12-23 23:32:30,buy,758.0,0.1286
2013-12-23 23:32:30,buy,758.0,0.1286
2013-12-23 23:34:01,buy,1555.2,0.1286
2013-12-23 23:34:15,buy,4000.0,0.1286
2013-12-23 23:35:46,buy,300.0,0.1286
2013-12-23 23:36:07,buy,2000.0,0.1286
2013-12-23 23:36:20,buy,430.2,0.1286
2013-12-23 23:36:47,buy,3.8,0.1286
2013-12-23 23:36:51,buy,1261.8,0.1286
2013-12-23 23:37:03,sell,64.3,0.1286
2013-12-23 23:48:09,sell,51.9,0.1298
