2013-12-22 00:04:40,sell,1.3,0.1270
2013-12-22 00:05:08,sell,127.0,0.1270
2013-12-22 00:06:07,buy,4.9,0.1278
2013-12-22 00:06:07,buy,4.9,0.1278
2013-12-22 00:08:56,sell,1.3,0.1270
2013-12-22 00:09:36,sell,291.4,0.1270
2013-12-22 00:09:36,sell,291.4,0.1270
2013-12-22 00:10:22,sell,27.1,0.1270
2013-12-22 00:10:22,sell,321.0,0.1250
2013-12-22 00:10:22,sell,321.0,0.1250
2013-12-22 00:10:22,sell,321.0,0.1250
2013-12-22 00:10:22,sell,321.0,0.1250
2013-12-22 00:10:23,sell,321.0,0.1250
2013-12-22 00:10:26,buy,195.5,0.1279
2013-12-22 00:10:26,buy,200.0,0.1279
2013-12-22 00:10:43,buy,195.5,0.1279
2013-12-22 00:10:43,buy,200.0,0.1279
2013-12-22 00:10:43,buy,200.0,0.1279
2013-12-22 00:10:45,buy,731.3,0.1279
2013-12-22 00:10:50,buy,195.5,0.1279
2013-12-22 00:10:57,buy,200.0,0.1279
2013-12-22 00:10:57,buy,195.5,0.1279
2013-12-22 00:11:09,buy,219.1,0.1279
2013-12-22 00:11:09,buy,219.1,0.1279
2013-12-22 00:11:09,buy,1000.0,0.1279
2013-12-22 00:11:12,buy,809.9,0.1279
2013-12-22 00:11:17,buy,19.5,0.1279
2013-12-22 00:13:15,sell,2.6,0.1279
2013-12-22 00:13:15,sell,2.5,0.1255
2013-12-22 00:13:15,sell,2.5,0.1255
2013-12-22 00:13:15,sell,2.5,0.1255
2013-12-22 00:13:15,sell,2.5,0.1255
2013-12-22 00:13:15,sell,2.5,0.1255
2013-12-22 00:13:16,buy,20.4,0.1278
2013-12-22 00:13:16,buy,20.4,0.1278
2013-12-22 00:13:16,buy,20.4,0.1278
2013-12-22 00:13:16,buy,20.4,0.1278
2013-12-22 00:13:16,buy,8.1,0.1279
2013-12-22 00:13:16,buy,8.1,0.1279
2013-12-22 00:13:16,buy,20.4,0.1278
2013-12-22 00:13:16,buy,20.4,0.1279
2013-12-22 00:13:16,buy,20.4,0.1279
2013-12-22 00:13:16,buy,20.3,0.1278
2013-12-22 00:14:10,sell,0.3,0.1255
2013-12-22 00:23:30,buy,5030.5,0.1279
2013-12-22 00:23:30,buy,5030.5,0.1279
2013-12-22 00:23:31,buy,5030.5,0.1279
2013-12-22 00:28:54,buy,8.8,0.1271
2013-12-22 00:33:46,buy,5.1,0.1271
2013-12-22 00:34:13,buy,15067.2,0.1288
2013-12-22 00:34:14,buy,15067.2,0.1288
2013-12-22 00:34:14,buy,15067.2,0.1288
2013-12-22 00:34:14,buy,15067.2,0.1288
2013-12-22 00:34:15,buy,15067.2,0.1288
2013-12-22 00:34:15,buy,15067.2,0.1288
2013-12-22 00:34:15,buy,15067.2,0.1288
2013-12-22 00:34:15,buy,15067.2,0.1288
2013-12-22 00:34:15,buy,15067.2,0.1288
2013-12-22 00:34:16,buy,15067.2,0.1288
2013-12-22 00:34:16,buy,15067.2,0.1288
2013-12-22 00:34:16,buy,15067.2,0.1288
2013-12-22 00:34:16,buy,15067.2,0.1288
2013-12-22 00:34:17,buy,15067.2,0.1288
2013-12-22 00:34:17,buy,15067.2,0.1288
2013-12-22 00:45:25,sell,12.8,0.1288
2013-12-22 00:45:25,sell,12.0,0.1288
2013-12-22 00:45:28,sell,12.0,0.1288
2013-12-22 00:46:06,sell,128.8,0.1288
2013-12-22 00:46:18,sell,128.8,0.1288
2013-12-22 00:46:27,sell,34.1,0.1288
2013-12-22 00:46:36,sell,0.8,0.1288
2013-12-22 00:46:48,sell,64.0,0.1288
2013-12-22 00:48:05,sell,7.0,0.1288
2013-12-22 00:56:13,buy,25000.0,0.1288
2013-12-22 00:57:02,buy,900.0,0.1288
2013-12-22 01:01:00,buy,10000.0,0.1288
2013-12-22 01:03:38,sell,60.4,0.1288
2013-12-22 01:08:25,sell,64.1,0.1288
2013-12-22 01:15:49,sell,64.5,0.1290
2013-12-22 01:16:19,buy,3.1,0.1290
2013-12-22 01:16:19,buy,0.0,0.1290
2013-12-22 01:16:54,buy,46.9,0.1290
2013-12-22 01:16:54,buy,46.9,0.1290
2013-12-22 01:16:54,buy,46.9,0.1290
2013-12-22 01:16:58,buy,46.9,0.1290
2013-12-22 01:17:02,buy,46.9,0.1290
2013-12-22 01:17:02,buy,271.0,0.1290
2013-12-22 01:18:52,buy,0.9,0.1290
2013-12-22 01:20:14,buy,3.0,0.1290
2013-12-22 01:21:16,buy,438.9,0.1300
2013-12-22 01:21:16,buy,438.9,0.1300
2013-12-22 01:21:17,buy,438.9,0.1300
2013-12-22 01:21:17,buy,438.9,0.1300
2013-12-22 01:21:17,buy,438.9,0.1300
2013-12-22 01:22:22,sell,0.4,0.1260
2013-12-22 01:26:24,buy,0.1,0.1300
2013-12-22 01:48:40,buy,10.0,0.1300
2013-12-22 01:53:40,sell,60.3,0.1261
2013-12-22 02:25:35,sell,126.2,0.1265
2013-12-22 02:29:04,sell,14.0,0.1299
2013-12-22 02:31:28,buy,930.3,0.1299
2013-12-22 02:31:29,buy,930.3,0.1299
2013-12-22 02:33:21,buy,69.0,0.1299
2013-12-22 02:46:27,sell,0.7,0.1270
2013-12-22 02:48:32,buy,5.3,0.1300
2013-12-22 02:48:32,buy,5.3,0.1300
2013-12-22 02:51:33,buy,4.0,0.1300
2013-12-22 02:53:14,buy,0.5,0.1300
2013-12-22 02:55:35,sell,0.8,0.1270
2013-12-22 03:19:03,buy,525.9,0.1300
2013-12-22 03:19:49,buy,15.3,0.1300
2013-12-22 03:39:23,sell,761.9,0.1270
2013-12-22 03:39:23,sell,761.9,0.1270
2013-12-22 04:10:08,buy,764.9,0.1310
2013-12-22 04:38:49,sell,0.4,0.1280
2013-12-22 05:01:21,sell,3.7,0.1280
2013-12-22 05:20:52,sell,2.4,0.1280
2013-12-22 06:43:24,sell,0.0,0.1270
2013-12-22 06:43:38,sell,25.0,0.1310
2013-12-22 06:43:38,sell,65.5,0.1310
2013-12-22 06:43:49,sell,25.0,0.1310
2013-12-22 07:09:42,buy,0.1,0.1308
2013-12-22 07:14:02,buy,5.7,0.1308
2013-12-22 08:10:25,buy,2000.0,0.1300
2013-12-22 08:13:04,buy,7.7,0.1300
2013-12-22 09:10:27,buy,510.3,0.1270
2013-12-22 09:17:38,buy,0.1,0.1300
2013-12-22 09:21:51,buy,0.1,0.1300
2013-12-22 09:33:06,sell,0.2,0.1300
2013-12-22 09:33:39,sell,130.0,0.1300
2013-12-22 09:34:45,sell,0.2,0.1300
2013-12-22 09:39:31,sell,0.0,0.1280
2013-12-22 09:41:50,buy,538.3,0.1279
2013-12-22 09:41:58,buy,1076.7,0.1279
2013-12-22 09:42:03,buy,5441.8,0.1279
2013-12-22 09:42:07,buy,1076.7,0.1279
2013-12-22 09:42:19,buy,1076.7,0.1279
2013-12-22 09:42:39,buy,1068.3,0.1289
2013-12-22 09:42:43,buy,1068.3,0.1289
2013-12-22 09:42:59,buy,1068.3,0.1289
2013-12-22 09:43:09,buy,1068.3,0.1289
2013-12-22 09:43:11,buy,1017.2,0.1289
2013-12-22 09:43:18,buy,1005.5,0.1289
2013-12-22 09:43:30,buy,684.8,0.1289
2013-12-22 09:44:48,buy,5598.5,0.1295
2013-12-22 09:47:41,buy,515.4,0.1295
2013-12-22 09:52:42,sell,1000.8,0.1280
2013-12-22 09:52:46,buy,112.9,0.1295
2013-12-22 09:52:59,sell,51.6,0.1280
2013-12-22 09:54:39,sell,25.0,0.1280
2013-12-22 09:54:44,sell,64.0,0.1280
2013-12-22 09:54:44,sell,25.0,0.1280
2013-12-22 09:54:47,sell,25.0,0.1280
2013-12-22 09:54:55,sell,2.6,0.1280
2013-12-22 09:54:58,sell,35.7,0.1280
2013-12-22 09:55:15,sell,30.4,0.1280
2013-12-22 09:55:15,sell,1.1,0.1270
2013-12-22 09:55:15,sell,1.1,0.1270
2013-12-22 10:01:28,sell,140.3,0.1270
2013-12-22 10:02:10,buy,531.8,0.1295
2013-12-22 10:02:17,buy,1063.6,0.1295
2013-12-22 10:30:31,buy,965.0,0.1300
2013-12-22 10:30:31,buy,965.0,0.1300
2013-12-22 10:30:31,buy,965.0,0.1300
2013-12-22 10:30:32,buy,965.0,0.1300
2013-12-22 10:31:58,sell,24.0,0.1270
2013-12-22 10:31:58,sell,24.0,0.1270
2013-12-22 10:31:58,sell,24.0,0.1270
2013-12-22 10:31:58,sell,24.0,0.1270
2013-12-22 10:31:58,sell,24.0,0.1270
2013-12-22 10:32:52,buy,1.0,0.1284
2013-12-22 10:33:03,buy,10.0,0.1284
2013-12-22 10:43:00,buy,401.3,0.1280
2013-12-22 10:44:16,buy,47.7,0.1284
2013-12-22 10:45:08,buy,47.7,0.1284
2013-12-22 10:50:05,buy,235.5,0.1284
2013-12-22 10:50:05,buy,46.7,0.1284
2013-12-22 10:56:02,buy,76.2,0.1285
2013-12-22 10:56:03,buy,76.2,0.1285
2013-12-22 10:56:27,buy,498.1,0.1285
2013-12-22 11:02:18,sell,66.0,0.1321
2013-12-22 11:02:25,sell,26.4,0.1321
2013-12-22 11:02:26,sell,25.7,0.1321
2013-12-22 11:02:26,sell,25.7,0.1321
2013-12-22 11:04:19,sell,22.5,0.1322
2013-12-22 11:04:34,sell,0.4,0.1289
2013-12-22 11:06:02,sell,66.1,0.1322
2013-12-22 11:06:02,sell,129.5,0.1322
2013-12-22 11:06:06,sell,129.5,0.1322
2013-12-22 11:06:06,sell,26.4,0.1322
2013-12-22 11:06:06,sell,26.4,0.1322
2013-12-22 11:06:10,sell,132.2,0.1322
2013-12-22 11:06:10,sell,26.4,0.1322
2013-12-22 11:06:33,buy,27.5,0.1321
2013-12-22 11:06:33,buy,27.5,0.1321
2013-12-22 11:06:33,buy,27.5,0.1321
2013-12-22 11:06:51,sell,6.0,0.1300
2013-12-22 11:08:47,sell,0.4,0.1300
2013-12-22 11:11:03,sell,64.3,0.1290
2013-12-22 11:13:27,buy,193.8,0.1290
2013-12-22 11:13:40,buy,901.5,0.1290
2013-12-22 11:13:46,buy,193.8,0.1290
2013-12-22 11:13:47,buy,200.0,0.1290
2013-12-22 11:13:50,buy,200.0,0.1290
2013-12-22 11:13:55,buy,200.0,0.1290
2013-12-22 11:13:55,buy,193.8,0.1290
2013-12-22 11:14:03,buy,200.0,0.1290
2013-12-22 11:14:03,buy,193.8,0.1290
2013-12-22 11:14:22,sell,25.2,0.1290
2013-12-22 11:14:40,buy,192.6,0.1298
2013-12-22 11:16:18,sell,9.0,0.1290
2013-12-22 11:16:51,sell,0.1,0.1290
2013-12-22 11:17:55,sell,64.3,0.1286
2013-12-22 11:18:03,sell,9.8,0.1286
2013-12-22 11:18:32,sell,287.0,0.1280
2013-12-22 11:18:32,sell,287.0,0.1280
2013-12-22 11:19:15,buy,0.0,0.1298
2013-12-22 11:20:44,sell,25.6,0.1280
2013-12-22 11:23:21,sell,12.7,0.1280
2013-12-22 11:23:31,sell,12.7,0.1280
2013-12-22 11:23:43,sell,128.0,0.1280
2013-12-22 11:26:53,sell,7.5,0.1280
2013-12-22 11:28:02,sell,80.0,0.1280
2013-12-22 11:28:02,sell,80.0,0.1280
2013-12-22 11:28:07,sell,4.8,0.1280
2013-12-22 11:34:09,sell,574.5,0.1273
2013-12-22 11:34:09,sell,574.5,0.1273
2013-12-22 11:34:10,sell,574.5,0.1273
2013-12-22 11:34:10,sell,574.5,0.1273
2013-12-22 11:34:11,sell,574.5,0.1273
2013-12-22 11:34:12,sell,574.5,0.1273
2013-12-22 11:34:12,sell,574.5,0.1273
2013-12-22 11:34:30,buy,0.1,0.1280
2013-12-22 11:36:19,buy,50.0,0.1290
2013-12-22 11:36:42,buy,84.4,0.1280
2013-12-22 11:36:43,buy,84.4,0.1280
2013-12-22 11:37:19,buy,18.0,0.1280
2013-12-22 11:38:02,sell,111.1,0.1260
2013-12-22 11:38:02,sell,111.1,0.1260
2013-12-22 11:38:03,sell,111.1,0.1260
2013-12-22 11:38:03,sell,111.1,0.1260
2013-12-22 11:38:03,sell,111.1,0.1260
2013-12-22 11:38:03,sell,111.1,0.1260
2013-12-22 11:38:03,sell,111.1,0.1260
2013-12-22 11:38:04,sell,111.1,0.1260
2013-12-22 11:38:57,buy,702.5,0.1289
2013-12-22 11:38:57,buy,702.5,0.1289
2013-12-22 11:47:33,buy,308.0,0.1279
2013-12-22 11:50:29,sell,6.4,0.1289
2013-12-22 11:50:56,buy,50.0,0.1270
2013-12-22 11:51:41,sell,15.3,0.1265
2013-12-22 11:51:41,sell,15.3,0.1265
2013-12-22 11:51:41,sell,15.3,0.1265
2013-12-22 12:05:29,buy,7.8,0.1269
2013-12-22 12:06:56,sell,62.2,0.1266
2013-12-22 12:08:27,sell,63.3,0.1266
2013-12-22 12:08:36,sell,123.7,0.1266
2013-12-22 12:08:50,sell,126.6,0.1267
2013-12-22 12:08:56,sell,99.9,0.1267
2013-12-22 12:09:21,sell,45.7,0.1266
2013-12-22 12:09:40,sell,2.5,0.1266
2013-12-22 12:09:56,sell,2.5,0.1266
2013-12-22 12:10:01,buy,500.0,0.1267
2013-12-22 12:10:08,sell,2.5,0.1266
2013-12-22 12:10:34,sell,0.6,0.1266
2013-12-22 12:11:03,sell,747.9,0.1266
2013-12-22 12:11:03,sell,747.9,0.1266
2013-12-22 12:12:19,sell,25.0,0.1266
2013-12-22 12:12:21,sell,25.0,0.1266
2013-12-22 12:14:40,sell,25.0,0.1265
2013-12-22 12:14:43,sell,25.0,0.1265
2013-12-22 12:15:43,buy,150.0,0.1265
2013-12-22 12:16:48,sell,1.2,0.1261
2013-12-22 12:17:55,buy,452.4,0.1266
2013-12-22 12:17:55,buy,452.4,0.1266
2013-12-22 12:19:42,buy,215.5,0.1266
2013-12-22 12:19:42,buy,215.5,0.1266
2013-12-22 12:20:32,buy,600.0,0.1266
2013-12-22 12:22:41,buy,1700.0,0.1266
2013-12-22 12:24:44,sell,116.5,0.1260
2013-12-22 12:24:44,sell,116.5,0.1260
2013-12-22 12:24:44,sell,116.5,0.1260
2013-12-22 12:28:01,buy,39.6,0.1261
2013-12-22 12:29:49,sell,81.8,0.1261
2013-12-22 12:47:28,sell,151.1,0.1259
2013-12-22 12:49:40,buy,29.0,0.1266
2013-12-22 12:52:00,buy,98.0,0.1259
2013-12-22 12:54:51,sell,125.8,0.1258
2013-12-22 13:12:07,sell,56.7,0.1250
2013-12-22 13:12:08,sell,56.7,0.1250
2013-12-22 13:12:08,sell,56.7,0.1250
2013-12-22 13:12:08,sell,56.7,0.1250
2013-12-22 13:12:09,sell,56.7,0.1250
2013-12-22 13:13:33,sell,125.0,0.1250
2013-12-22 13:26:48,sell,25.0,0.1266
2013-12-22 13:27:00,sell,14.0,0.1266
2013-12-22 13:28:57,buy,111.1,0.1250
2013-12-22 13:28:57,buy,104.0,0.1250
2013-12-22 13:28:58,buy,111.1,0.1250
2013-12-22 13:30:27,buy,1600.0,0.1250
2013-12-22 13:32:14,buy,2688.0,0.1250
2013-12-22 13:34:54,buy,238.4,0.1250
2013-12-22 13:35:19,buy,213.2,0.1250
2013-12-22 13:36:39,buy,1000.0,0.1250
2013-12-22 13:41:09,buy,5600.0,0.1250
2013-12-22 13:41:17,buy,1000.0,0.1250
2013-12-22 13:41:57,buy,57.0,0.1250
2013-12-22 13:42:42,buy,800.0,0.1250
2013-12-22 13:59:08,buy,40.0,0.1250
2013-12-22 13:59:09,buy,10.0,0.1280
2013-12-22 13:59:31,buy,21285.5,0.1280
2013-12-22 14:20:32,sell,0.1,0.1260
2013-12-22 14:21:09,sell,0.3,0.1260
2013-12-22 14:22:45,sell,0.1,0.1260
2013-12-22 14:27:56,sell,21.3,0.1260
2013-12-22 14:27:56,sell,21.3,0.1260
2013-12-22 14:31:10,sell,31.5,0.1260
2013-12-22 14:38:09,sell,0.1,0.1260
2013-12-22 14:38:14,buy,3.1,0.1260
2013-12-22 14:41:11,buy,23301.0,0.1288
2013-12-22 14:45:56,buy,1397.8,0.1288
2013-12-22 14:45:56,buy,1397.8,0.1288
2013-12-22 14:49:32,buy,25.0,0.1251
2013-12-22 14:49:34,buy,25.0,0.1251
2013-12-22 14:49:38,buy,0.4,0.1251
2013-12-22 14:49:42,buy,0.4,0.1251
2013-12-22 14:58:32,buy,1.0,0.1270
2013-12-22 14:59:54,buy,0.5,0.1270
2013-12-22 14:59:54,buy,0.5,0.1270
2013-12-22 15:02:59,sell,1.3,0.1270
2013-12-22 15:03:11,sell,13.7,0.1270
2013-12-22 15:03:54,sell,5.6,0.1270
2013-12-22 15:05:49,sell,90.4,0.1280
2013-12-22 15:05:49,sell,25.0,0.1280
2013-12-22 15:06:00,sell,25.4,0.1280
2013-12-22 15:06:00,sell,64.0,0.1280
2013-12-22 15:06:04,sell,25.0,0.1280
2013-12-22 15:06:04,sell,25.4,0.1280
2013-12-22 15:06:04,sell,25.4,0.1280
2013-12-22 15:06:04,sell,34.8,0.1280
2013-12-22 15:06:05,sell,25.0,0.1280
2013-12-22 15:06:43,sell,0.1,0.1280
2013-12-22 15:06:46,buy,0.1,0.1280
2013-12-22 15:07:28,sell,0.1,0.1280
2013-12-22 15:07:37,buy,29.0,0.1280
2013-12-22 15:07:58,sell,1.3,0.1280
2013-12-22 15:08:28,buy,0.1,0.1280
2013-12-22 15:09:16,buy,369.3,0.1288
2013-12-22 15:09:22,sell,5.9,0.1280
2013-12-22 15:09:22,sell,5.9,0.1280
2013-12-22 15:09:34,sell,1.3,0.1280
2013-12-22 15:10:58,buy,0.1,0.1288
2013-12-22 15:12:09,buy,3980.6,0.1288
2013-12-22 15:12:19,buy,0.1,0.1288
2013-12-22 15:14:45,sell,46.5,0.1280
2013-12-22 15:15:04,buy,2400.0,0.1288
2013-12-22 15:15:23,sell,0.1,0.1280
2013-12-22 15:16:08,buy,4941.0,0.1297
2013-12-22 15:16:09,buy,4941.0,0.1297
2013-12-22 15:16:09,buy,4941.0,0.1297
2013-12-22 15:16:13,sell,0.0,0.1288
2013-12-22 15:16:14,sell,24.0,0.1288
2013-12-22 15:16:40,sell,7.0,0.1288
2013-12-22 15:16:58,sell,0.0,0.1288
2013-12-22 15:17:43,buy,500.0,0.1297
2013-12-22 15:17:54,sell,7.0,0.1288
2013-12-22 15:19:16,sell,0.1,0.1288
2013-12-22 15:19:16,sell,0.1,0.1288
2013-12-22 15:20:59,sell,0.7,0.1289
2013-12-22 15:21:17,sell,12.9,0.1289
2013-12-22 15:21:17,sell,0.1,0.1289
2013-12-22 15:21:45,sell,0.1,0.1288
2013-12-22 15:25:34,sell,13.0,0.1289
2013-12-22 15:32:05,buy,46.6,0.1287
2013-12-22 15:32:47,sell,105.6,0.1280
2013-12-22 15:34:42,buy,3000.0,0.1287
2013-12-22 15:35:10,buy,0.1,0.1287
2013-12-22 15:35:10,buy,10000.0,0.1287
2013-12-22 15:36:09,buy,1.0,0.1287
2013-12-22 15:40:44,buy,1.0,0.1293
2013-12-22 15:41:13,buy,3387.9,0.1293
2013-12-22 15:42:17,sell,256.2,0.1281
2013-12-22 15:43:01,sell,120.4,0.1281
2013-12-22 15:43:01,sell,120.4,0.1281
2013-12-22 15:43:52,sell,205.0,0.1281
2013-12-22 15:44:09,sell,2.5,0.1280
2013-12-22 15:44:09,sell,2.5,0.1280
2013-12-22 15:45:12,sell,9.0,0.1280
2013-12-22 15:46:34,sell,128.0,0.1280
2013-12-22 15:47:38,sell,2.6,0.1280
2013-12-22 16:08:18,buy,200.0,0.1290
2013-12-22 16:08:25,buy,200.0,0.1290
2013-12-22 16:08:28,buy,200.0,0.1290
2013-12-22 16:08:28,buy,200.0,0.1290
2013-12-22 16:08:35,buy,200.0,0.1290
2013-12-22 16:08:39,buy,200.0,0.1290
2013-12-22 16:12:19,sell,0.1,0.1300
2013-12-22 16:12:19,sell,65.0,0.1300
2013-12-22 16:12:21,sell,13.0,0.1300
2013-12-22 16:13:21,sell,65.0,0.1300
2013-12-22 16:13:26,sell,130.0,0.1300
2013-12-22 16:13:38,sell,130.0,0.1300
2013-12-22 16:13:47,sell,130.0,0.1300
2013-12-22 16:13:59,sell,130.0,0.1300
2013-12-22 16:17:17,buy,0.1,0.1299
2013-12-22 16:20:10,sell,78.0,0.1300
2013-12-22 16:21:38,sell,754.0,0.1300
2013-12-22 16:23:15,sell,390.0,0.1300
2013-12-22 16:23:43,sell,1281.8,0.1300
2013-12-22 16:23:43,sell,1281.8,0.1300
2013-12-22 16:23:43,sell,1281.8,0.1300
2013-12-22 16:23:43,sell,407.4,0.1300
2013-12-22 16:23:44,buy,4628.2,0.1318
2013-12-22 16:23:45,buy,4628.2,0.1318
2013-12-22 16:23:45,buy,4628.2,0.1318
2013-12-22 16:23:45,buy,4628.2,0.1318
2013-12-22 16:25:28,sell,6.5,0.1300
2013-12-22 16:25:39,sell,6.5,0.1300
2013-12-22 16:27:26,sell,1045.4,0.1300
2013-12-22 16:27:26,sell,1045.4,0.1300
2013-12-22 16:31:14,sell,13.0,0.1302
2013-12-22 16:31:45,sell,15.2,0.1302
2013-12-22 16:32:29,buy,1.0,0.1316
2013-12-22 16:32:36,buy,5000.0,0.1316
2013-12-22 16:33:06,buy,1.0,0.1316
2013-12-22 16:36:39,buy,0.6,0.1315
2013-12-22 16:36:39,buy,0.6,0.1315
2013-12-22 16:36:39,buy,0.6,0.1315
2013-12-22 16:40:19,sell,13.0,0.1302
2013-12-22 16:40:54,sell,13.0,0.1302
2013-12-22 16:41:54,buy,100.0,0.1303
2013-12-22 16:44:31,sell,650.5,0.1301
2013-12-22 16:44:40,sell,20.0,0.1315
2013-12-22 16:44:41,sell,60.8,0.1315
2013-12-22 16:45:23,buy,1.0,0.1315
2013-12-22 16:47:48,sell,12.1,0.1315
2013-12-22 16:48:20,sell,13.1,0.1315
2013-12-22 16:48:35,buy,10.0,0.1315
2013-12-22 16:48:53,sell,1051.9,0.1315
2013-12-22 16:49:42,sell,579.1,0.1315
2013-12-22 16:50:00,buy,1500.0,0.1315
2013-12-22 16:54:18,buy,1.0,0.1316
2013-12-22 17:00:53,buy,0.4,0.1315
2013-12-22 17:08:37,sell,845.3,0.1303
2013-12-22 17:11:26,buy,1000.0,0.1315
2013-12-22 17:11:30,buy,526.8,0.1315
2013-12-22 17:11:35,buy,501.0,0.1315
2013-12-22 17:11:44,buy,1001.9,0.1315
2013-12-22 17:11:53,buy,1001.9,0.1315
2013-12-22 17:12:07,buy,1001.9,0.1315
2013-12-22 17:12:15,buy,1001.9,0.1315
2013-12-22 17:12:20,buy,1001.9,0.1315
2013-12-22 17:12:27,buy,1001.9,0.1315
2013-12-22 17:12:45,buy,1001.9,0.1315
2013-12-22 17:12:52,buy,1001.9,0.1315
2013-12-22 17:13:01,buy,1001.9,0.1315
2013-12-22 17:13:25,buy,1001.9,0.1315
2013-12-22 17:13:29,buy,1001.9,0.1315
2013-12-22 17:13:34,buy,1001.9,0.1315
2013-12-22 17:13:43,buy,1001.9,0.1315
2013-12-22 17:13:43,buy,9133.8,0.1316
2013-12-22 17:13:43,buy,9133.8,0.1316
2013-12-22 17:13:44,buy,9133.8,0.1316
2013-12-22 17:13:57,buy,50.0,0.1318
2013-12-22 17:13:58,buy,50.0,0.1318
2013-12-22 17:13:58,buy,50.0,0.1318
2013-12-22 17:14:04,buy,50.0,0.1318
2013-12-22 17:14:04,buy,50.0,0.1318
2013-12-22 17:14:09,buy,50.0,0.1318
2013-12-22 17:14:13,buy,50.0,0.1318
2013-12-22 17:15:56,buy,50.0,0.1330
2013-12-22 17:15:57,buy,50.0,0.1330
2013-12-22 17:16:02,buy,83.8,0.1330
2013-12-22 17:16:06,buy,2.6,0.1330
2013-12-22 17:16:34,buy,50.0,0.1330
2013-12-22 17:16:38,buy,50.0,0.1330
2013-12-22 17:16:39,buy,50.0,0.1330
2013-12-22 17:16:43,buy,50.0,0.1330
2013-12-22 17:16:47,buy,50.0,0.1330
2013-12-22 17:16:58,buy,515.2,0.1349
2013-12-22 17:18:03,sell,135.1,0.1351
2013-12-22 17:18:10,sell,27.0,0.1351
2013-12-22 17:18:10,sell,127.5,0.1351
2013-12-22 17:18:10,sell,26.4,0.1351
2013-12-22 17:18:11,sell,26.4,0.1351
2013-12-22 17:18:16,sell,675.5,0.1351
2013-12-22 17:18:17,sell,39.2,0.1351
2013-12-22 17:18:17,sell,133.0,0.1351
2013-12-22 17:18:22,sell,27.0,0.1351
2013-12-22 17:18:26,sell,27.0,0.1351
2013-12-22 17:18:26,sell,540.4,0.1351
2013-12-22 17:18:26,sell,27.0,0.1351
2013-12-22 17:18:30,sell,1.4,0.1349
2013-12-22 17:19:32,sell,67.5,0.1350
2013-12-22 17:19:32,sell,26.4,0.1350
2013-12-22 17:19:39,sell,50.7,0.1352
2013-12-22 17:19:41,sell,27.0,0.1352
2013-12-22 17:19:45,sell,27.0,0.1352
2013-12-22 17:19:50,sell,27.0,0.1352
2013-12-22 17:26:19,sell,53.6,0.1323
2013-12-22 17:29:27,buy,2000.0,0.1321
2013-12-22 17:29:45,sell,257.3,0.1320
2013-12-22 17:29:45,sell,257.3,0.1320
2013-12-22 17:30:14,sell,124.9,0.1316
2013-12-22 17:30:15,sell,124.9,0.1316
2013-12-22 17:30:23,buy,500.7,0.1320
2013-12-22 17:30:31,buy,100.2,0.1320
2013-12-22 17:32:17,sell,3307.3,0.1300
2013-12-22 17:32:17,sell,3307.3,0.1300
2013-12-22 17:32:17,sell,3307.3,0.1300
2013-12-22 17:32:18,sell,3307.3,0.1300
2013-12-22 17:32:18,sell,3307.3,0.1300
2013-12-22 17:33:02,buy,3.7,0.1316
2013-12-22 17:33:12,buy,3.7,0.1316
2013-12-22 17:33:24,buy,3.7,0.1320
2013-12-22 17:33:24,buy,3.7,0.1320
2013-12-22 17:33:25,buy,3.7,0.1320
2013-12-22 17:38:06,buy,310.0,0.1318
2013-12-22 17:40:40,buy,3.8,0.1303
2013-12-22 17:42:50,sell,1040.0,0.1300
2013-12-22 17:43:28,buy,200.0,0.1303
2013-12-22 17:43:55,buy,33.0,0.1318
2013-12-22 17:44:11,buy,391.9,0.1320
2013-12-22 17:44:11,buy,1000.0,0.1320
2013-12-22 17:44:28,buy,1000.0,0.1320
2013-12-22 17:45:06,buy,769.1,0.1320
2013-12-22 17:45:06,buy,200.0,0.1320
2013-12-22 17:45:06,buy,621.4,0.1320
2013-12-22 17:53:05,sell,1.3,0.1300
2013-12-22 17:54:09,buy,151.8,0.1302
2013-12-22 17:57:17,sell,15.2,0.1310
2013-12-22 17:57:21,sell,65.5,0.1310
2013-12-22 18:01:07,buy,0.0,0.1320
2013-12-22 18:01:07,buy,200.0,0.1320
2013-12-22 18:02:38,buy,4.1,0.1320
2013-12-22 18:05:57,buy,1000.0,0.1320
2013-12-22 18:08:59,buy,0.1,0.1320
2013-12-22 18:09:04,buy,50.0,0.1320
2013-12-22 18:09:08,buy,50.0,0.1320
2013-12-22 18:10:24,buy,1.0,0.1319
2013-12-22 18:13:27,buy,200.0,0.1320
2013-12-22 18:13:30,buy,200.0,0.1320
2013-12-22 18:13:31,buy,0.1,0.1320
2013-12-22 18:13:42,buy,173.0,0.1320
2013-12-22 18:13:42,buy,50.0,0.1320
2013-12-22 18:13:47,buy,50.0,0.1320
2013-12-22 18:13:52,buy,50.0,0.1320
2013-12-22 18:13:56,buy,50.0,0.1320
2013-12-22 18:13:57,buy,50.0,0.1320
2013-12-22 18:14:01,buy,50.0,0.1320
2013-12-22 18:14:06,buy,52.2,0.1320
2013-12-22 18:14:19,buy,0.7,0.1320
2013-12-22 18:14:28,buy,0.0,0.1320
2013-12-22 18:17:09,buy,2000.0,0.1320
2013-12-22 18:19:13,buy,0.0,0.1320
2013-12-22 18:20:25,buy,1.0,0.1320
2013-12-22 18:23:45,buy,8.5,0.1320
2013-12-22 18:23:58,sell,0.1,0.1310
2013-12-22 18:26:35,buy,45.5,0.1320
2013-12-22 18:26:39,buy,45.5,0.1320
2013-12-22 18:26:43,buy,45.5,0.1320
2013-12-22 18:26:52,buy,45.5,0.1320
2013-12-22 18:26:52,buy,45.5,0.1320
2013-12-22 18:27:02,buy,45.5,0.1320
2013-12-22 18:27:11,buy,45.5,0.1320
2013-12-22 18:36:07,buy,100.2,0.1317
2013-12-22 18:40:24,buy,0.0,0.1317
2013-12-22 18:40:29,buy,0.0,0.1317
2013-12-22 18:40:29,buy,0.0,0.1317
2013-12-22 18:40:34,buy,0.0,0.1317
2013-12-22 18:40:34,buy,0.0,0.1317
2013-12-22 18:40:34,buy,0.0,0.1317
2013-12-22 18:40:38,buy,0.0,0.1317
2013-12-22 18:40:39,buy,0.0,0.1317
2013-12-22 18:40:42,buy,0.0,0.1317
2013-12-22 18:40:42,buy,0.0,0.1317
2013-12-22 18:40:43,buy,0.0,0.1317
2013-12-22 18:40:47,buy,0.0,0.1317
2013-12-22 18:40:51,buy,0.0,0.1317
2013-12-22 18:40:51,buy,0.0,0.1317
2013-12-22 18:40:51,buy,0.0,0.1317
2013-12-22 18:40:55,buy,0.0,0.1317
2013-12-22 18:40:55,buy,0.0,0.1317
2013-12-22 18:41:01,buy,0.0,0.1317
2013-12-22 18:41:06,buy,0.0,0.1317
2013-12-22 18:41:06,buy,0.0,0.1317
2013-12-22 18:41:07,buy,0.0,0.1317
2013-12-22 18:41:08,buy,0.0,0.1317
2013-12-22 18:41:09,buy,0.0,0.1317
2013-12-22 18:41:13,buy,0.0,0.1317
2013-12-22 18:41:14,buy,0.0,0.1317
2013-12-22 18:41:18,buy,0.0,0.1317
2013-12-22 18:41:19,buy,0.0,0.1317
2013-12-22 18:41:23,buy,0.0,0.1317
2013-12-22 18:41:23,buy,0.0,0.1317
2013-12-22 18:41:24,buy,0.0,0.1317
2013-12-22 18:41:28,buy,0.0,0.1317
2013-12-22 18:41:28,buy,0.0,0.1317
2013-12-22 18:41:32,buy,0.0,0.1317
2013-12-22 18:42:49,buy,2354.1,0.1317
2013-12-22 18:45:47,buy,201.4,0.1320
2013-12-22 18:45:47,buy,201.4,0.1320
2013-12-22 18:45:47,buy,201.4,0.1320
2013-12-22 18:45:48,buy,201.4,0.1320
2013-12-22 18:48:20,sell,45.1,0.1320
2013-12-22 18:48:20,sell,45.1,0.1320
2013-12-22 18:49:24,sell,17.0,0.1340
2013-12-22 18:53:10,buy,23.1,0.1339
2013-12-22 18:54:36,sell,0.1,0.1316
2013-12-22 18:55:00,sell,0.1,0.1316
2013-12-22 18:55:33,sell,0.1,0.1316
2013-12-22 18:59:55,sell,2.3,0.1312
2013-12-22 19:02:03,sell,131.1,0.1311
2013-12-22 19:02:10,sell,131.1,0.1311
2013-12-22 19:11:11,sell,170.3,0.1311
2013-12-22 19:13:17,sell,0.1,0.1311
2013-12-22 19:13:55,buy,1.0,0.1326
2013-12-22 19:19:52,sell,25.0,0.1320
2013-12-22 19:19:57,sell,25.0,0.1320
2013-12-22 19:20:01,sell,25.0,0.1320
2013-12-22 19:20:52,sell,25.0,0.1320
2013-12-22 19:21:52,buy,0.0,0.1311
2013-12-22 19:28:29,buy,0.0,0.1311
2013-12-22 19:42:51,sell,89.7,0.1311
2013-12-22 19:47:31,sell,0.1,0.1311
2013-12-22 19:52:34,sell,4.3,0.1311
2013-12-22 19:52:40,sell,36.0,0.1311
2013-12-22 19:52:42,sell,36.0,0.1311
2013-12-22 19:52:44,sell,6.4,0.1311
2013-12-22 19:52:45,sell,6.4,0.1311
2013-12-22 19:52:56,sell,6.4,0.1311
2013-12-22 19:53:02,sell,6.4,0.1311
2013-12-22 19:53:07,sell,10.3,0.1311
2013-12-22 19:53:09,sell,42.9,0.1311
2013-12-22 19:53:09,sell,28.6,0.1311
2013-12-22 19:53:36,sell,6.4,0.1311
2013-12-22 19:57:03,sell,25.7,0.1311
2013-12-22 19:57:03,sell,25.7,0.1311
2013-12-22 19:57:10,sell,5.7,0.1311
2013-12-22 19:57:10,sell,64.4,0.1311
2013-12-22 19:57:13,sell,25.8,0.1311
2013-12-22 19:57:19,sell,25.8,0.1311
2013-12-22 19:57:20,sell,25.8,0.1311
2013-12-22 19:57:20,sell,25.8,0.1311
2013-12-22 19:57:20,sell,25.8,0.1311
2013-12-22 19:57:20,sell,25.8,0.1311
2013-12-22 19:57:24,sell,25.8,0.1311
2013-12-22 19:57:24,sell,45.1,0.1311
2013-12-22 19:57:25,sell,32.0,0.1311
2013-12-22 19:57:28,sell,0.5,0.1311
2013-12-22 20:00:03,buy,200.0,0.1320
2013-12-22 20:00:22,sell,0.1,0.1311
2013-12-22 20:00:35,buy,200.0,0.1320
2013-12-22 20:03:01,sell,0.4,0.1311
2013-12-22 20:06:48,buy,300.0,0.1335
2013-12-22 20:08:30,sell,35.6,0.1341
2013-12-22 20:08:55,sell,67.0,0.1341
2013-12-22 20:09:03,sell,16.7,0.1341
2013-12-22 20:09:07,sell,134.1,0.1341
2013-12-22 20:09:07,sell,1.1,0.1341
2013-12-22 20:09:51,sell,134.1,0.1341
2013-12-22 20:10:05,sell,4023.0,0.1341
2013-12-22 20:10:05,buy,2.0,0.1340
2013-12-22 20:10:12,sell,134.1,0.1341
2013-12-22 20:10:31,sell,67.0,0.1341
2013-12-22 20:11:01,sell,13.4,0.1341
2013-12-22 20:12:09,buy,171.9,0.1340
2013-12-22 20:12:09,buy,171.9,0.1340
2013-12-22 20:12:31,sell,0.7,0.1340
2013-12-22 20:17:18,sell,34.4,0.1329
2013-12-22 20:19:13,sell,259.2,0.1329
2013-12-22 20:20:12,buy,98.3,0.1340
2013-12-22 20:20:12,buy,98.3,0.1340
2013-12-22 20:20:13,buy,98.3,0.1340
2013-12-22 20:20:33,sell,12.0,0.1340
2013-12-22 20:23:18,buy,9.5,0.1341
2013-12-22 20:23:38,buy,25042.9,0.1349
2013-12-22 20:23:39,buy,25042.9,0.1349
2013-12-22 20:23:39,buy,25042.9,0.1349
2013-12-22 20:23:40,buy,25042.9,0.1349
2013-12-22 20:23:40,buy,25042.9,0.1349
2013-12-22 20:23:41,buy,25042.9,0.1349
2013-12-22 20:23:42,buy,25042.9,0.1349
2013-12-22 20:23:43,buy,25042.9,0.1349
2013-12-22 20:24:01,sell,5.3,0.1311
2013-12-22 20:24:02,sell,5.3,0.1311
2013-12-22 20:24:03,sell,5.3,0.1311
2013-12-22 20:24:05,sell,5.3,0.1311
2013-12-22 20:24:38,sell,134.0,0.1350
2013-12-22 20:24:38,sell,134.0,0.1350
2013-12-22 20:24:42,sell,134.0,0.1350
2013-12-22 20:24:43,sell,134.0,0.1350
2013-12-22 20:24:47,sell,134.0,0.1350
2013-12-22 20:24:47,sell,20.2,0.1350
2013-12-22 20:24:51,buy,97.6,0.1350
2013-12-22 20:24:55,sell,27.0,0.1350
2013-12-22 20:32:36,sell,25.0,0.1345
2013-12-22 20:32:38,sell,25.0,0.1345
2013-12-22 20:32:41,sell,25.0,0.1345
2013-12-22 20:32:41,sell,4035.0,0.1345
2013-12-22 20:32:42,sell,2.6,0.1345
2013-12-22 20:32:43,sell,25.0,0.1345
2013-12-22 20:32:44,sell,6.0,0.1345
2013-12-22 20:35:31,sell,403.5,0.1345
2013-12-22 20:35:36,buy,1.0,0.1348
2013-12-22 20:35:55,sell,0.1,0.1345
2013-12-22 20:36:02,sell,67.2,0.1345
2013-12-22 20:36:22,sell,672.5,0.1345
2013-12-22 20:38:01,sell,1076.0,0.1345
2013-12-22 20:38:07,sell,67.2,0.1345
2013-12-22 20:48:33,sell,0.3,0.1313
2013-12-22 20:48:36,sell,0.3,0.1313
2013-12-22 20:50:08,buy,100.0,0.1340
2013-12-22 20:52:01,buy,96.2,0.1300
2013-12-22 20:52:01,buy,3941.9,0.1300
2013-12-22 20:52:19,buy,773.2,0.1300
2013-12-22 20:53:52,buy,45.5,0.1320
2013-12-22 20:57:50,sell,66.3,0.1326
2013-12-22 21:06:02,buy,530.0,0.1326
2013-12-22 21:25:02,buy,3261.0,0.1338
2013-12-22 21:25:02,buy,3261.0,0.1338
2013-12-22 21:27:40,sell,10.5,0.1312
2013-12-22 21:27:40,sell,10.5,0.1312
2013-12-22 21:37:00,buy,189.4,0.1320
2013-12-22 21:37:04,buy,181.8,0.1320
2013-12-22 21:37:17,buy,159.1,0.1320
2013-12-22 21:41:44,buy,187.5,0.1333
2013-12-22 21:41:58,buy,186.6,0.1340
2013-12-22 21:42:01,buy,186.6,0.1340
2013-12-22 21:42:05,buy,186.6,0.1340
2013-12-22 21:42:13,sell,19.6,0.1333
2013-12-22 21:45:47,buy,3269.6,0.1335
2013-12-22 21:49:50,buy,113.5,0.1335
2013-12-22 21:50:06,buy,502.1,0.1335
2013-12-22 21:56:57,buy,100.0,0.1335
2013-12-22 21:59:23,sell,13.2,0.1335
2013-12-22 21:59:27,buy,100.0,0.1335
2013-12-22 22:00:14,buy,1000.0,0.1335
2013-12-22 22:01:18,sell,1.9,0.1320
2013-12-22 22:01:18,sell,0.0,0.1320
2013-12-22 22:14:28,sell,464.2,0.1309
2013-12-22 22:14:29,sell,464.2,0.1309
2013-12-22 22:14:29,sell,464.2,0.1309
2013-12-22 22:14:30,sell,464.2,0.1309
2013-12-22 22:17:27,buy,1253.0,0.1335
2013-12-22 22:17:27,buy,1253.0,0.1335
2013-12-22 22:17:28,buy,1253.0,0.1335
2013-12-22 22:21:44,buy,2242.2,0.1335
2013-12-22 22:24:25,sell,0.4,0.1314
2013-12-22 22:24:43,buy,2267.6,0.1320
2013-12-22 22:33:33,sell,198.0,0.1320
2013-12-22 22:36:33,sell,25.0,0.1320
2013-12-22 22:36:33,sell,130.9,0.1320
2013-12-22 22:36:33,sell,130.9,0.1320
2013-12-22 22:36:39,sell,25.0,0.1320
2013-12-22 22:36:39,sell,130.9,0.1320
2013-12-22 22:36:39,sell,130.9,0.1320
2013-12-22 22:36:40,sell,26.2,0.1320
2013-12-22 22:36:43,sell,25.0,0.1320
2013-12-22 22:36:43,sell,26.2,0.1320
2013-12-22 22:36:43,sell,26.2,0.1320
2013-12-22 22:36:44,sell,26.2,0.1320
2013-12-22 22:36:44,sell,26.2,0.1320
2013-12-22 22:36:46,sell,26.2,0.1320
2013-12-22 22:36:51,sell,28.3,0.1320
2013-12-22 22:36:55,sell,25.0,0.1315
2013-12-22 22:37:00,sell,25.0,0.1315
2013-12-22 22:37:04,sell,25.0,0.1315
2013-12-22 22:37:09,sell,25.0,0.1315
2013-12-22 22:37:12,sell,25.0,0.1315
2013-12-22 22:37:23,sell,25.0,0.1315
2013-12-22 22:37:28,sell,25.0,0.1315
2013-12-22 22:38:52,sell,41.0,0.1320
2013-12-22 22:39:30,sell,92.4,0.1320
2013-12-22 22:39:30,sell,92.4,0.1320
2013-12-22 22:40:08,sell,130.0,0.1314
2013-12-22 22:40:08,sell,130.0,0.1314
2013-12-22 22:40:08,sell,130.0,0.1314
2013-12-22 22:48:09,buy,0.1,0.1335
2013-12-22 22:49:43,buy,2240.0,0.1335
2013-12-22 23:17:28,buy,647.1,0.1320
2013-12-22 23:17:28,buy,647.1,0.1320
2013-12-22 23:22:49,buy,10.0,0.1320
2013-12-22 23:22:58,sell,26.5,0.1335
2013-12-22 23:22:58,sell,25.0,0.1335
2013-12-22 23:22:58,sell,26.5,0.1335
2013-12-22 23:23:02,sell,25.0,0.1335
2013-12-22 23:23:03,sell,26.5,0.1335
2013-12-22 23:23:06,sell,25.0,0.1335
2013-12-22 23:23:10,sell,27.4,0.1335
2013-12-22 23:23:14,sell,9.0,0.1335
2013-12-22 23:24:28,sell,20.0,0.1335
2013-12-22 23:29:06,buy,135.1,0.1345
2013-12-22 23:29:06,buy,135.1,0.1345
2013-12-22 23:29:06,buy,135.1,0.1345
2013-12-22 23:30:32,sell,2060.4,0.1335
2013-12-22 23:30:53,sell,126.8,0.1335
2013-12-22 23:32:29,sell,13.3,0.1335
2013-12-22 23:36:13,buy,10000.0,0.1300
2013-12-22 23:38:16,buy,200.0,0.1310
2013-12-22 23:38:21,buy,200.0,0.1310
2013-12-22 23:38:21,buy,190.8,0.1310
2013-12-22 23:38:21,buy,1.5,0.1310
2013-12-22 23:38:21,buy,200.0,0.1310
2013-12-22 23:38:51,buy,190.8,0.1310
2013-12-22 23:58:11,buy,0.1,0.1334
