2013-12-21 18:26:53,sell,137.1,0.1371
2013-12-21 18:27:19,sell,13.5,0.1371
2013-12-21 18:27:59,sell,13.5,0.1371
2013-12-21 18:28:12,buy,100.0,0.1361
2013-12-21 18:28:12,buy,58.8,0.1362
2013-12-21 18:28:17,buy,100.0,0.1362
2013-12-21 18:28:17,buy,58.8,0.1361
2013-12-21 18:28:17,buy,100.0,0.1362
2013-12-21 18:28:27,buy,58.8,0.1361
2013-12-21 18:28:29,buy,58.8,0.1362
2013-12-21 18:28:30,buy,100.0,0.1362
2013-12-21 18:28:34,buy,58.8,0.1362
2013-12-21 18:28:34,buy,100.0,0.1362
2013-12-21 18:28:38,buy,3000.0,0.1361
2013-12-21 18:28:39,buy,58.8,0.1361
2013-12-21 18:28:39,buy,100.0,0.1361
2013-12-21 18:28:40,buy,100.0,0.1361
2013-12-21 18:28:44,buy,58.8,0.1361
2013-12-21 18:28:48,buy,58.8,0.1361
2013-12-21 18:28:49,buy,100.0,0.1361
2013-12-21 18:28:53,buy,100.0,0.1361
2013-12-21 18:28:57,buy,58.8,0.1361
2013-12-21 18:28:57,buy,100.0,0.1361
2013-12-21 18:29:00,buy,100.0,0.1361
2013-12-21 18:29:05,buy,58.8,0.1361
2013-12-21 18:29:05,buy,100.0,0.1361
2013-12-21 18:29:13,buy,58.8,0.1361
2013-12-21 18:29:13,buy,100.0,0.1361
2013-12-21 18:29:15,buy,58.8,0.1361
2013-12-21 18:35:41,sell,0.4,0.1366
2013-12-21 18:40:15,sell,0.4,0.1367
2013-12-21 18:47:52,sell,20.8,0.1367
2013-12-21 18:49:35,sell,0.1,0.1367
2013-12-21 18:49:50,sell,54.7,0.1367
2013-12-21 18:49:50,sell,54.7,0.1367
2013-12-21 18:52:46,sell,252.9,0.1367
2013-12-21 18:52:46,sell,252.9,0.1367
2013-12-21 18:52:46,sell,252.9,0.1367
2013-12-21 19:14:15,sell,86.2,0.1367
2013-12-21 19:14:17,sell,86.2,0.1367
2013-12-21 19:14:32,sell,13.6,0.1367
2013-12-21 19:16:14,sell,304.9,0.1367
2013-12-21 19:16:15,sell,304.9,0.1367
2013-12-21 19:16:15,sell,304.9,0.1367
2013-12-21 19:16:50,sell,68.3,0.1367
2013-12-21 19:18:17,sell,36.1,0.1367
2013-12-21 19:18:17,sell,36.1,0.1367
2013-12-21 19:18:17,sell,36.1,0.1367
2013-12-21 19:21:04,sell,1.2,0.1369
2013-12-21 19:23:55,sell,42.7,0.1363
2013-12-21 19:23:55,sell,42.7,0.1363
2013-12-21 19:23:56,sell,42.7,0.1363
2013-12-21 19:26:59,sell,85.5,0.1363
2013-12-21 19:27:59,buy,59.0,0.1369
2013-12-21 19:29:17,buy,58.4,0.1369
2013-12-21 19:32:08,sell,27.3,0.1363
2013-12-21 19:40:23,sell,291.2,0.1362
2013-12-21 19:40:24,sell,291.2,0.1362
2013-12-21 19:40:35,sell,3.4,0.1362
2013-12-21 19:41:18,sell,51.3,0.1361
2013-12-21 19:42:06,sell,176.9,0.1350
2013-12-21 19:43:54,sell,2.7,0.1340
2013-12-21 19:43:54,buy,20.0,0.1330
2013-12-21 19:43:54,sell,2.7,0.1340
2013-12-21 19:44:22,buy,20.0,0.1330
2013-12-21 19:44:23,sell,2.7,0.1340
2013-12-21 19:44:23,buy,2000.0,0.1330
2013-12-21 19:44:24,buy,20.0,0.1330
2013-12-21 19:44:28,buy,2000.0,0.1330
2013-12-21 19:44:45,buy,2000.0,0.1330
2013-12-21 19:44:49,buy,2000.0,0.1330
2013-12-21 19:46:09,sell,2.7,0.1330
2013-12-21 19:46:28,sell,2.7,0.1330
2013-12-21 19:50:37,sell,0.4,0.1330
2013-12-21 19:50:45,sell,0.4,0.1330
2013-12-21 19:51:01,sell,1.9,0.1330
2013-12-21 19:51:47,sell,106.4,0.1330
2013-12-21 19:51:47,sell,106.4,0.1330
2013-12-21 19:52:35,sell,2.7,0.1330
2013-12-21 19:53:23,sell,660.2,0.1322
2013-12-21 19:53:23,sell,660.2,0.1322
2013-12-21 19:53:23,sell,660.2,0.1322
2013-12-21 19:57:44,buy,0.1,0.1330
2013-12-21 19:58:00,sell,0.1,0.1311
2013-12-21 20:06:16,buy,0.0,0.1330
2013-12-21 20:07:25,sell,1033.1,0.1311
2013-12-21 20:07:25,sell,1033.1,0.1311
2013-12-21 20:07:25,sell,1033.1,0.1311
2013-12-21 20:07:25,sell,1033.1,0.1311
2013-12-21 20:07:25,sell,1033.1,0.1311
2013-12-21 20:08:07,sell,131.1,0.1311
2013-12-21 20:09:32,buy,3.0,0.1308
2013-12-21 20:09:40,sell,1189.9,0.1305
2013-12-21 20:11:16,buy,480.1,0.1322
2013-12-21 20:11:16,buy,480.1,0.1322
2013-12-21 20:11:16,buy,480.1,0.1322
2013-12-21 20:13:35,buy,0.1,0.1314
2013-12-21 20:13:57,buy,20.0,0.1302
2013-12-21 20:14:48,sell,390.4,0.1301
2013-12-21 20:17:59,buy,20.0,0.1300
2013-12-21 20:17:59,sell,2.6,0.1300
2013-12-21 20:18:08,buy,20.0,0.1300
2013-12-21 20:18:08,sell,2.6,0.1300
2013-12-21 20:18:18,buy,20.0,0.1300
2013-12-21 20:18:18,sell,2.6,0.1300
2013-12-21 20:18:22,buy,782.4,0.1300
2013-12-21 20:18:28,sell,2.6,0.1300
2013-12-21 20:20:37,sell,65.0,0.1300
2013-12-21 20:21:02,sell,198.2,0.1300
2013-12-21 20:21:02,sell,198.2,0.1300
2013-12-21 20:21:02,sell,198.2,0.1300
2013-12-21 20:21:04,buy,20.0,0.1300
2013-12-21 20:21:06,buy,20.0,0.1300
2013-12-21 20:21:09,buy,20.0,0.1300
2013-12-21 20:21:09,buy,20.0,0.1300
2013-12-21 20:21:10,buy,20.0,0.1300
2013-12-21 20:22:24,buy,20.0,0.1299
2013-12-21 20:22:25,buy,2148.0,0.1299
2013-12-21 20:22:26,buy,1000.0,0.1299
2013-12-21 20:22:26,buy,300.0,0.1299
2013-12-21 20:22:38,buy,20.0,0.1280
2013-12-21 20:22:43,buy,195.3,0.1280
2013-12-21 20:22:47,buy,195.3,0.1280
2013-12-21 20:22:57,buy,195.3,0.1280
2013-12-21 20:23:01,buy,195.3,0.1280
2013-12-21 20:24:24,sell,649.0,0.1298
2013-12-21 20:24:33,sell,129.8,0.1298
2013-12-21 20:25:40,buy,533.9,0.1280
2013-12-21 20:26:24,sell,5.5,0.1263
2013-12-21 20:29:07,buy,5000.0,0.1279
2013-12-21 20:29:22,buy,540.7,0.1279
2013-12-21 20:31:02,buy,390.9,0.1270
2013-12-21 20:31:24,buy,5000.0,0.1270
2013-12-21 20:32:23,sell,25.0,0.1263
2013-12-21 20:32:31,sell,25.0,0.1270
2013-12-21 20:32:32,sell,24.6,0.1270
2013-12-21 20:32:37,sell,25.0,0.1263
2013-12-21 20:32:37,buy,20.0,0.1270
2013-12-21 20:32:55,sell,25.0,0.1263
2013-12-21 20:32:55,sell,25.0,0.1263
2013-12-21 20:33:03,sell,25.0,0.1262
2013-12-21 20:33:04,sell,25.0,0.1262
2013-12-21 20:33:14,sell,25.0,0.1262
2013-12-21 20:33:52,buy,3814.3,0.1260
