2013-12-21 21:10:45,sell,31.4,0.1254
2013-12-21 21:12:35,buy,0.0,0.1250
2013-12-21 21:14:03,sell,595.1,0.1253
2013-12-21 21:14:03,sell,595.1,0.1253
2013-12-21 21:14:08,buy,5.7,0.1279
2013-12-21 21:15:39,buy,89.0,0.1278
2013-12-21 21:17:31,sell,11.5,0.1279
2013-12-21 21:17:46,buy,20.0,0.1279
2013-12-21 21:21:46,buy,421.6,0.1279
2013-12-21 21:21:46,buy,421.6,0.1279
2013-12-21 21:21:47,buy,421.6,0.1279
2013-12-21 21:23:08,buy,9.6,0.1278
2013-12-21 21:26:29,buy,24.5,0.1299
2013-12-21 21:27:07,sell,90.3,0.1290
2013-12-21 21:27:51,buy,859.4,0.1298
2013-12-21 21:28:12,buy,808.8,0.1299
2013-12-21 21:28:12,buy,808.8,0.1299
2013-12-21 21:28:31,buy,859.4,0.1299
2013-12-21 21:28:41,buy,859.4,0.1299
2013-12-21 21:29:27,buy,859.4,0.1299
2013-12-21 21:29:40,buy,859.4,0.1299
2013-12-21 21:29:53,sell,6.4,0.1300
2013-12-21 21:29:53,buy,859.4,0.1300
2013-12-21 21:30:25,sell,894.1,0.1300
2013-12-21 21:30:25,sell,894.1,0.1300
2013-12-21 21:30:51,sell,346.3,0.1300
2013-12-21 21:30:52,sell,346.3,0.1300
2013-12-21 21:30:52,sell,346.3,0.1300
2013-12-21 21:32:00,buy,40.6,0.1310
2013-12-21 21:32:02,sell,6.5,0.1310
2013-12-21 21:32:41,sell,559.7,0.1300
2013-12-21 21:32:41,sell,559.7,0.1300
2013-12-21 21:32:41,sell,559.7,0.1300
2013-12-21 21:33:17,sell,436.6,0.1310
2013-12-21 21:33:45,sell,15.5,0.1300
2013-12-21 21:33:51,sell,65.0,0.1300
2013-12-21 21:33:51,sell,25.0,0.1300
2013-12-21 21:33:51,sell,15.5,0.1300
2013-12-21 21:33:51,sell,15.5,0.1300
2013-12-21 21:33:55,sell,15.5,0.1300
2013-12-21 21:33:55,sell,15.5,0.1310
2013-12-21 21:33:56,sell,5.1,0.1300
2013-12-21 21:33:56,sell,5.1,0.1300
2013-12-21 21:33:56,sell,25.0,0.1300
2013-12-21 21:34:01,sell,130.0,0.1300
2013-12-21 21:34:01,sell,25.0,0.1300
2013-12-21 21:34:10,sell,15.5,0.1300
2013-12-21 21:34:10,sell,15.5,0.1300
2013-12-21 21:34:10,sell,15.5,0.1300
2013-12-21 21:34:13,sell,15.5,0.1300
2013-12-21 21:34:13,sell,15.5,0.1300
2013-12-21 21:34:13,sell,15.5,0.1300
2013-12-21 21:34:13,sell,15.5,0.1300
2013-12-21 21:34:19,sell,15.5,0.1300
2013-12-21 21:34:19,sell,15.5,0.1300
2013-12-21 21:34:26,sell,15.5,0.1300
2013-12-21 21:34:26,sell,15.5,0.1300
2013-12-21 21:34:26,sell,15.5,0.1300
2013-12-21 21:34:26,sell,15.5,0.1300
2013-12-21 21:34:26,sell,25.0,0.1300
2013-12-21 21:34:26,sell,25.0,0.1300
2013-12-21 21:34:33,sell,15.5,0.1300
2013-12-21 21:34:33,sell,15.5,0.1300
2013-12-21 21:34:33,sell,15.5,0.1300
2013-12-21 21:34:33,sell,20.6,0.1300
2013-12-21 21:34:33,sell,20.6,0.1300
2013-12-21 21:34:34,sell,25.0,0.1300
2013-12-21 21:34:34,sell,15.5,0.1300
2013-12-21 21:34:34,sell,22.4,0.1300
2013-12-21 21:34:39,sell,37.8,0.1300
2013-12-21 21:36:01,sell,64.0,0.1280
2013-12-21 21:36:52,sell,192.0,0.1280
2013-12-21 21:41:54,sell,63.6,0.1281
2013-12-21 21:42:09,buy,100.0,0.1276
2013-12-21 21:42:38,sell,0.7,0.1281
2013-12-21 21:42:39,sell,19.8,0.1280
2013-12-21 21:42:39,sell,19.8,0.1280
2013-12-21 21:46:40,buy,2638.5,0.1279
2013-12-21 21:52:16,sell,15.1,0.1264
2013-12-21 21:52:16,sell,15.1,0.1264
2013-12-21 21:52:16,sell,15.1,0.1264
2013-12-21 21:52:20,sell,15.1,0.1264
2013-12-21 21:52:20,sell,15.1,0.1264
2013-12-21 21:52:20,sell,15.1,0.1264
2013-12-21 21:52:20,sell,15.1,0.1264
2013-12-21 21:52:25,sell,15.1,0.1264
2013-12-21 21:52:25,sell,63.2,0.1264
2013-12-21 21:52:25,sell,15.1,0.1264
2013-12-21 21:52:25,sell,15.1,0.1264
2013-12-21 21:52:26,sell,15.1,0.1264
2013-12-21 21:52:30,sell,15.1,0.1264
2013-12-21 21:52:30,sell,15.1,0.1264
2013-12-21 21:52:30,sell,15.1,0.1264
2013-12-21 21:52:30,sell,15.1,0.1264
2013-12-21 21:52:36,sell,15.1,0.1263
2013-12-21 21:52:36,sell,15.1,0.1263
2013-12-21 21:52:37,sell,15.1,0.1263
2013-12-21 21:52:39,sell,2.4,0.1263
2013-12-21 21:52:39,sell,2.4,0.1263
2013-12-21 21:52:39,sell,15.1,0.1263
2013-12-21 21:52:40,sell,15.1,0.1263
2013-12-21 21:52:40,sell,15.1,0.1263
2013-12-21 21:52:48,sell,15.1,0.1263
2013-12-21 21:52:48,sell,2.9,0.1262
2013-12-21 21:52:48,sell,2.9,0.1262
2013-12-21 21:52:48,sell,15.1,0.1262
2013-12-21 21:52:51,buy,100.0,0.1263
2013-12-21 21:52:51,sell,15.1,0.1262
2013-12-21 21:52:51,sell,15.1,0.1262
2013-12-21 21:52:51,sell,15.1,0.1262
2013-12-21 21:52:52,sell,15.1,0.1262
2013-12-21 21:52:54,sell,15.1,0.1262
2013-12-21 21:52:54,sell,15.1,0.1262
2013-12-21 21:52:58,sell,15.1,0.1262
2013-12-21 21:52:58,sell,15.1,0.1262
2013-12-21 21:52:58,sell,15.1,0.1262
2013-12-21 21:52:58,sell,5.2,0.1262
2013-12-21 21:53:06,sell,126.2,0.1262
2013-12-21 21:53:16,sell,89.7,0.1262
2013-12-21 21:53:16,sell,353.1,0.1261
2013-12-21 21:53:17,sell,353.1,0.1261
2013-12-21 21:53:17,sell,353.1,0.1261
2013-12-21 21:53:18,sell,353.1,0.1261
2013-12-21 21:53:30,sell,126.1,0.1261
2013-12-21 21:53:53,sell,126.2,0.1262
2013-12-21 21:54:30,sell,131.0,0.1262
2013-12-21 21:54:30,sell,131.0,0.1262
2013-12-21 21:54:30,sell,174.2,0.1262
2013-12-21 21:54:48,buy,5000.0,0.1260
2013-12-21 21:55:58,sell,126.1,0.1260
2013-12-21 21:56:11,sell,378.2,0.1260
2013-12-21 21:56:57,sell,251.8,0.1259
2013-12-21 21:57:51,buy,519.4,0.1260
2013-12-21 21:57:54,buy,8867.7,0.1260
2013-12-21 21:58:05,buy,31.8,0.1260
2013-12-21 21:58:46,buy,100.0,0.1250
2013-12-21 21:58:47,buy,123.7,0.1258
2013-12-21 21:58:47,buy,123.7,0.1258
2013-12-21 21:59:11,buy,49.0,0.1250
2013-12-21 21:59:12,sell,12.5,0.1250
2013-12-21 21:59:16,sell,14.7,0.1250
2013-12-21 21:59:20,sell,62.5,0.1250
2013-12-21 21:59:21,sell,14.7,0.1250
2013-12-21 21:59:26,buy,100.0,0.1250
2013-12-21 21:59:26,sell,14.7,0.1250
2013-12-21 21:59:26,sell,12.5,0.1250
2013-12-21 21:59:26,sell,14.7,0.1250
2013-12-21 21:59:32,sell,14.7,0.1250
2013-12-21 21:59:33,sell,14.7,0.1250
2013-12-21 21:59:35,buy,100.0,0.1250
2013-12-21 21:59:39,sell,14.7,0.1232
2013-12-21 21:59:39,sell,14.7,0.1232
2013-12-21 21:59:46,buy,0.0,0.1232
2013-12-21 21:59:49,sell,14.7,0.1231
2013-12-21 21:59:49,sell,14.7,0.1231
2013-12-21 21:59:49,sell,14.7,0.1231
2013-12-21 21:59:53,sell,14.7,0.1231
2013-12-21 21:59:53,sell,14.7,0.1231
2013-12-21 21:59:57,sell,14.7,0.1231
2013-12-21 21:59:57,sell,14.7,0.1231
2013-12-21 21:59:57,sell,14.7,0.1231
2013-12-21 21:59:57,sell,14.7,0.1231
2013-12-21 22:00:02,sell,14.7,0.1231
2013-12-21 22:00:02,sell,14.7,0.1231
2013-12-21 22:00:08,buy,400.0,0.1231
2013-12-21 22:00:08,sell,14.7,0.1231
2013-12-21 22:00:08,sell,14.7,0.1231
2013-12-21 22:00:08,sell,14.7,0.1231
2013-12-21 22:00:13,sell,14.7,0.1231
2013-12-21 22:00:34,sell,193.3,0.1210
2013-12-21 22:00:34,sell,193.3,0.1210
2013-12-21 22:00:34,sell,193.3,0.1210
2013-12-21 22:00:45,sell,1210.0,0.1210
2013-12-21 22:00:56,buy,1645.2,0.1231
2013-12-21 22:01:10,sell,395.1,0.1210
2013-12-21 22:01:10,sell,395.1,0.1210
2013-12-21 22:02:34,buy,100.0,0.1245
2013-12-21 22:02:34,buy,81.9,0.1245
2013-12-21 22:02:35,buy,81.9,0.1245
2013-12-21 22:02:35,buy,81.9,0.1245
2013-12-21 22:02:35,buy,81.9,0.1245
2013-12-21 22:02:54,sell,12.1,0.1211
2013-12-21 22:03:02,buy,118.2,0.1244
2013-12-21 22:03:02,buy,52.0,0.1244
2013-12-21 22:03:23,sell,10.1,0.1220
2013-12-21 22:03:50,buy,120.0,0.1211
2013-12-21 22:03:50,buy,120.0,0.1211
2013-12-21 22:03:55,buy,120.0,0.1211
2013-12-21 22:04:04,buy,1.0,0.1211
2013-12-21 22:04:05,buy,120.0,0.1211
2013-12-21 22:04:10,buy,206.0,0.1211
2013-12-21 22:04:10,buy,120.0,0.1211
2013-12-21 22:04:16,buy,0.0,0.1211
2013-12-21 22:04:16,buy,120.0,0.1211
2013-12-21 22:04:26,sell,184.9,0.1211
2013-12-21 22:04:47,sell,1103.5,0.1201
2013-12-21 22:04:47,sell,1103.5,0.1201
2013-12-21 22:04:47,sell,1103.5,0.1201
2013-12-21 22:04:48,sell,1103.5,0.1201
2013-12-21 22:04:48,sell,1103.5,0.1201
2013-12-21 22:04:48,sell,1103.5,0.1201
2013-12-21 22:04:59,buy,8.1,0.1219
2013-12-21 22:08:07,buy,9.5,0.1220
2013-12-21 22:08:07,buy,9.5,0.1220
2013-12-21 22:08:12,buy,83.0,0.1220
2013-12-21 22:08:12,buy,65.6,0.1220
2013-12-21 22:10:01,sell,12.0,0.1250
2013-12-21 22:10:13,buy,150.0,0.1248
2013-12-21 22:10:13,sell,98.0,0.1213
2013-12-21 22:10:13,sell,98.0,0.1213
2013-12-21 22:10:13,sell,98.0,0.1213
2013-12-21 22:14:05,buy,1.0,0.1242
2013-12-21 22:14:18,sell,48.8,0.1221
2013-12-21 22:16:02,buy,120.0,0.1242
2013-12-21 22:16:05,buy,120.0,0.1242
2013-12-21 22:16:07,buy,120.0,0.1242
2013-12-21 22:16:14,buy,120.0,0.1242
2013-12-21 22:16:40,buy,120.0,0.1220
2013-12-21 22:16:47,buy,7.0,0.1220
2013-12-21 22:16:59,buy,120.0,0.1220
2013-12-21 22:16:59,buy,120.0,0.1220
2013-12-21 22:17:00,buy,120.0,0.1220
2013-12-21 22:17:00,buy,120.0,0.1220
2013-12-21 22:17:05,buy,120.0,0.1220
2013-12-21 22:18:34,buy,120.0,0.1220
2013-12-21 22:18:34,buy,120.0,0.1220
2013-12-21 22:18:36,buy,120.0,0.1220
2013-12-21 22:18:40,buy,120.0,0.1220
2013-12-21 22:18:40,buy,120.0,0.1220
2013-12-21 22:18:43,buy,120.0,0.1220
2013-12-21 22:18:47,buy,120.0,0.1220
2013-12-21 22:18:51,buy,100.0,0.1220
2013-12-21 22:18:51,buy,120.0,0.1220
2013-12-21 22:18:59,buy,120.0,0.1220
2013-12-21 22:19:03,buy,120.0,0.1220
2013-12-21 22:20:58,sell,305.2,0.1221
2013-12-21 22:20:58,sell,305.2,0.1221
2013-12-21 22:20:58,sell,305.2,0.1221
2013-12-21 22:21:53,sell,1630.0,0.1210
2013-12-21 22:21:54,sell,1630.0,0.1210
2013-12-21 22:21:54,sell,1630.0,0.1210
2013-12-21 22:21:54,sell,1630.0,0.1210
2013-12-21 22:21:54,sell,1630.0,0.1210
2013-12-21 22:21:54,sell,1630.0,0.1210
2013-12-21 22:21:55,sell,1630.0,0.1210
2013-12-21 22:21:55,sell,1630.0,0.1210
2013-12-21 22:21:55,sell,1630.0,0.1210
2013-12-21 22:22:19,buy,48.8,0.1230
2013-12-21 22:22:32,buy,62.2,0.1230
2013-12-21 22:22:32,buy,62.2,0.1230
2013-12-21 22:24:50,sell,0.4,0.1240
2013-12-21 22:25:14,sell,0.4,0.1240
2013-12-21 22:25:14,sell,0.4,0.1240
2013-12-21 22:25:21,buy,120.0,0.1241
2013-12-21 22:25:25,buy,120.0,0.1241
2013-12-21 22:25:29,buy,93.0,0.1241
2013-12-21 22:25:30,buy,93.0,0.1241
2013-12-21 22:25:30,buy,93.0,0.1241
2013-12-21 22:25:30,buy,120.0,0.1241
2013-12-21 22:25:33,buy,120.0,0.1241
2013-12-21 22:25:38,buy,53.0,0.1242
2013-12-21 22:25:38,buy,53.0,0.1242
2013-12-21 22:27:38,buy,200.0,0.1242
2013-12-21 22:27:46,sell,0.6,0.1226
2013-12-21 22:28:07,sell,4.7,0.1226
2013-12-21 22:30:10,buy,0.0,0.1250
2013-12-21 22:30:29,sell,51.2,0.1280
2013-12-21 22:30:33,sell,125.2,0.1251
2013-12-21 22:30:34,sell,125.2,0.1251
2013-12-21 22:31:42,sell,47.0,0.1290
2013-12-21 22:32:14,sell,63.0,0.1260
2013-12-21 22:32:22,sell,126.0,0.1260
2013-12-21 22:32:37,sell,126.0,0.1260
2013-12-21 22:32:47,sell,126.0,0.1260
2013-12-21 22:32:48,sell,660.0,0.1260
2013-12-21 22:32:56,sell,126.0,0.1260
2013-12-21 22:33:05,sell,126.0,0.1260
2013-12-21 22:34:39,buy,3.2,0.1290
2013-12-21 22:34:40,buy,0.0,0.1290
2013-12-21 22:35:12,buy,120.0,0.1290
2013-12-21 22:35:12,buy,120.0,0.1290
2013-12-21 22:35:17,buy,120.0,0.1290
2013-12-21 22:35:20,buy,120.0,0.1290
2013-12-21 22:35:25,buy,120.0,0.1290
2013-12-21 22:35:28,buy,120.0,0.1290
2013-12-21 22:35:58,buy,120.0,0.1290
2013-12-21 22:36:03,buy,120.0,0.1290
2013-12-21 22:36:06,buy,120.0,0.1290
2013-12-21 22:36:10,buy,120.0,0.1290
2013-12-21 22:36:14,buy,120.0,0.1290
2013-12-21 22:36:19,buy,120.0,0.1290
2013-12-21 22:36:23,buy,120.0,0.1290
2013-12-21 22:36:29,buy,120.0,0.1290
2013-12-21 22:36:33,buy,120.0,0.1290
2013-12-21 22:36:33,buy,120.0,0.1290
2013-12-21 22:36:37,buy,120.0,0.1290
2013-12-21 22:36:42,buy,120.0,0.1290
2013-12-21 22:36:50,buy,120.0,0.1290
2013-12-21 22:36:51,buy,120.0,0.1290
2013-12-21 22:36:54,buy,120.0,0.1290
2013-12-21 22:36:55,buy,120.0,0.1290
2013-12-21 22:37:01,buy,1550.4,0.1290
2013-12-21 22:37:02,buy,120.0,0.1290
2013-12-21 22:37:02,buy,120.0,0.1290
2013-12-21 22:37:10,buy,120.0,0.1289
2013-12-21 22:37:16,buy,120.0,0.1290
2013-12-21 22:37:25,buy,120.0,0.1290
2013-12-21 22:37:25,buy,120.0,0.1290
2013-12-21 22:37:31,buy,120.0,0.1290
2013-12-21 22:37:43,buy,120.0,0.1290
2013-12-21 22:37:54,buy,658.9,0.1290
2013-12-21 22:37:59,buy,120.0,0.1290
2013-12-21 22:38:12,sell,1.3,0.1260
2013-12-21 22:38:13,buy,120.0,0.1290
2013-12-21 22:38:21,buy,120.0,0.1290
2013-12-21 22:38:37,buy,120.0,0.1290
2013-12-21 22:39:22,sell,566.1,0.1210
2013-12-21 22:39:23,sell,566.1,0.1210
2013-12-21 22:39:25,sell,566.1,0.1210
2013-12-21 22:39:27,sell,566.1,0.1210
2013-12-21 22:39:28,sell,566.1,0.1210
2013-12-21 22:39:29,sell,566.1,0.1210
2013-12-21 22:39:30,sell,566.1,0.1210
2013-12-21 22:39:31,sell,566.1,0.1210
2013-12-21 22:39:32,sell,566.1,0.1210
2013-12-21 22:39:34,sell,566.1,0.1210
2013-12-21 22:39:35,sell,566.1,0.1210
2013-12-21 22:39:36,sell,566.1,0.1210
2013-12-21 22:39:36,sell,566.1,0.1210
2013-12-21 22:39:37,sell,566.1,0.1210
2013-12-21 22:39:38,sell,566.1,0.1210
2013-12-21 22:39:39,sell,566.1,0.1210
2013-12-21 22:39:39,sell,566.1,0.1210
2013-12-21 22:41:20,buy,1915.0,0.1290
2013-12-21 22:41:20,buy,1915.0,0.1290
2013-12-21 22:41:20,buy,1915.0,0.1290
2013-12-21 22:41:21,buy,1915.0,0.1290
2013-12-21 22:47:01,buy,120.0,0.1260
2013-12-21 22:47:08,buy,120.0,0.1260
2013-12-21 22:47:08,buy,120.0,0.1260
2013-12-21 22:47:14,buy,120.0,0.1260
2013-12-21 22:51:42,buy,3.2,0.1230
2013-12-21 22:51:50,buy,203.3,0.1230
2013-12-21 22:51:51,buy,120.0,0.1230
2013-12-21 22:51:51,buy,0.0,0.1230
2013-12-21 22:51:51,buy,120.0,0.1230
2013-12-21 22:52:16,buy,120.0,0.1230
2013-12-21 22:53:19,buy,39.7,0.1260
2013-12-21 22:54:47,buy,3.1,0.1270
2013-12-21 22:57:06,sell,125.7,0.1270
2013-12-21 23:00:14,buy,3000.0,0.1260
2013-12-21 23:03:00,buy,120.0,0.1258
2013-12-21 23:03:08,buy,120.0,0.1258
2013-12-21 23:03:12,buy,120.0,0.1258
2013-12-21 23:03:12,buy,120.0,0.1258
2013-12-21 23:05:08,buy,65.0,0.1269
2013-12-21 23:07:40,buy,6000.0,0.1269
2013-12-21 23:12:50,buy,0.0,0.1279
2013-12-21 23:14:18,buy,3732.9,0.1279
2013-12-21 23:14:25,buy,1520.0,0.1279
2013-12-21 23:21:26,buy,3.1,0.1270
2013-12-21 23:25:35,buy,2000.0,0.1250
2013-12-21 23:26:53,sell,665.6,0.1280
2013-12-21 23:28:42,buy,7.0,0.1280
2013-12-21 23:29:37,buy,500.0,0.1280
2013-12-21 23:33:10,buy,703.7,0.1285
2013-12-21 23:33:11,buy,703.7,0.1285
2013-12-21 23:35:51,buy,300.0,0.1279
2013-12-21 23:36:12,buy,0.1,0.1279
2013-12-21 23:37:45,sell,15.0,0.1260
2013-12-21 23:42:24,buy,15350.0,0.1279
2013-12-21 23:46:39,sell,2.5,0.1260
2013-12-21 23:47:33,sell,1.3,0.1260
2013-12-21 23:50:26,buy,0.0,0.1279
2013-12-21 23:50:50,buy,0.1,0.1279
2013-12-21 23:52:09,sell,25.0,0.1270
2013-12-21 23:52:14,sell,63.5,0.1270
2013-12-21 23:52:15,sell,25.0,0.1270
2013-12-21 23:55:28,sell,50.8,0.1270
2013-12-21 23:56:52,sell,48.3,0.1270
2013-12-21 23:56:57,buy,3345.3,0.1279
2013-12-21 23:56:57,buy,3345.3,0.1279
2013-12-21 23:57:05,sell,76.2,0.1270
2013-12-21 23:58:37,sell,254.0,0.1270
2013-12-21 23:59:42,sell,0.4,0.1270
2013-12-21 23:59:52,sell,127.0,0.1270
