2013-12-21 00:00:10,sell,0.1438
2013-12-21 00:00:25,sell,0.1438
2013-12-21 00:00:45,sell,0.1438
2013-12-21 00:00:55,sell,0.1438
2013-12-21 00:01:25,sell,0.1438
2013-12-21 00:01:25,sell,0.1438
2013-12-21 00:02:11,sell,0.1412
2013-12-21 00:02:11,sell,0.1412
2013-12-21 00:06:29,buy,0.1412
2013-12-21 00:06:29,buy,0.1412
2013-12-21 00:10:44,sell,0.1401
2013-12-21 00:10:44,sell,0.1401
2013-12-21 00:10:45,sell,0.1401
2013-12-21 00:15:26,buy,0.1430
2013-12-21 00:15:27,buy,0.1430
2013-12-21 00:20:37,sell,0.1440
2013-12-21 00:20:37,sell,0.1440
2013-12-21 00:35:35,sell,0.1444
2013-12-21 00:36:12,sell,0.1440
2013-12-21 00:36:24,sell,0.1440
2013-12-21 00:36:37,sell,0.1440
2013-12-21 00:36:41,sell,0.1440
2013-12-21 00:39:03,sell,0.1440
2013-12-21 00:39:53,sell,0.1440
2013-12-21 00:40:24,buy,0.1442
2013-12-21 00:42:10,sell,0.1440
2013-12-21 00:43:52,sell,0.1440
2013-12-21 00:44:00,sell,0.1440
2013-12-21 00:47:13,sell,0.1440
2013-12-21 00:55:47,sell,0.1430
2013-12-21 00:58:51,sell,0.1402
2013-12-21 01:04:56,buy,0.1440
2013-12-21 01:20:29,sell,0.1420
2013-12-21 01:24:31,sell,0.1402
2013-12-21 01:24:31,sell,0.1402
2013-12-21 01:24:31,sell,0.1402
2013-12-21 01:24:32,sell,0.1402
2013-12-21 01:26:13,sell,0.1401
2013-12-21 01:26:13,sell,0.1401
2013-12-21 01:30:23,sell,0.1400
2013-12-21 01:30:47,sell,0.1400
2013-12-21 01:43:25,sell,0.1400
2013-12-21 01:43:40,sell,0.1400
2013-12-21 01:43:49,sell,0.1400
2013-12-21 01:44:04,sell,0.1400
2013-12-21 01:44:13,sell,0.1400
2013-12-21 01:44:22,sell,0.1400
2013-12-21 01:44:27,buy,0.1400
2013-12-21 01:44:34,sell,0.1400
2013-12-21 01:44:47,buy,0.1400
2013-12-21 01:44:47,sell,0.1400
2013-12-21 01:44:47,sell,0.1400
2013-12-21 01:44:59,sell,0.1400
2013-12-21 01:45:02,buy,0.1400
2013-12-21 01:45:11,sell,0.1400
2013-12-21 01:45:12,sell,0.1400
2013-12-21 01:45:22,sell,0.1400
2013-12-21 01:51:16,sell,0.1400
2013-12-21 01:51:41,sell,0.1400
2013-12-21 01:57:34,sell,0.1400
2013-12-21 01:57:52,buy,0.1410
2013-12-21 01:58:41,sell,0.1400
2013-12-21 01:58:46,sell,0.1400
2013-12-21 01:59:06,sell,0.1400
2013-12-21 02:00:02,sell,0.1400
2013-12-21 02:00:10,sell,0.1400
2013-12-21 02:00:23,sell,0.1400
2013-12-21 02:00:31,sell,0.1400
2013-12-21 02:01:55,sell,0.1400
2013-12-21 02:02:50,sell,0.1400
2013-12-21 02:03:01,sell,0.1400
2013-12-21 02:03:15,sell,0.1400
2013-12-21 02:03:23,sell,0.1400
2013-12-21 02:03:34,sell,0.1400
2013-12-21 02:03:43,sell,0.1400
2013-12-21 02:03:47,sell,0.1400
2013-12-21 02:03:57,sell,0.1400
2013-12-21 02:04:39,buy,0.1400
2013-12-21 02:10:31,buy,0.1400
2013-12-21 02:23:16,sell,0.1381
2013-12-21 02:23:17,sell,0.1381
2013-12-21 02:23:17,sell,0.1381
2013-12-21 02:23:17,sell,0.1381
2013-12-21 02:31:05,sell,0.1380
2013-12-21 02:32:00,sell,0.1380
2013-12-21 02:32:01,sell,0.1380
2013-12-21 02:34:47,sell,0.1380
2013-12-21 02:34:56,sell,0.1380
2013-12-21 02:35:06,sell,0.1380
2013-12-21 02:35:24,sell,0.1380
2013-12-21 02:36:23,sell,0.1380
2013-12-21 02:37:09,sell,0.1380
2013-12-21 02:37:10,sell,0.1380
2013-12-21 02:39:29,sell,0.1370
2013-12-21 02:39:33,sell,0.1370
2013-12-21 02:44:39,sell,0.1371
2013-12-21 02:45:03,sell,0.1371
2013-12-21 02:47:34,sell,0.1371
2013-12-21 02:48:31,sell,0.1371
2013-12-21 02:48:58,sell,0.1371
2013-12-21 02:51:00,sell,0.1371
2013-12-21 02:51:54,sell,0.1370
2013-12-21 02:51:55,sell,0.1370
2013-12-21 02:56:13,sell,0.1370
2013-12-21 02:56:17,sell,0.1370
2013-12-21 02:57:10,buy,0.1400
2013-12-21 02:57:10,buy,0.1400
2013-12-21 02:57:31,buy,0.1400
2013-12-21 02:57:35,buy,0.1400
2013-12-21 03:49:43,sell,0.1370
2013-12-21 04:04:23,sell,0.1370
2013-12-21 04:04:23,sell,0.1370
2013-12-21 04:07:10,sell,0.1370
2013-12-21 04:07:14,sell,0.1370
2013-12-21 04:07:56,sell,0.1370
2013-12-21 06:21:49,buy,0.1355
2013-12-21 06:21:54,buy,0.1355
2013-12-21 06:21:59,buy,0.1355
2013-12-21 06:21:59,buy,0.1355
2013-12-21 06:22:04,buy,0.1355
2013-12-21 06:22:09,buy,0.1355
2013-12-21 06:24:26,buy,0.1355
2013-12-21 06:24:29,buy,0.1355
2013-12-21 06:24:32,buy,0.1355
2013-12-21 06:24:38,buy,0.1355
2013-12-21 06:24:41,buy,0.1355
2013-12-21 06:24:50,buy,0.1355
2013-12-21 06:24:55,buy,0.1355
2013-12-21 06:24:59,buy,0.1355
2013-12-21 06:25:04,buy,0.1355
2013-12-21 06:25:09,buy,0.1355
2013-12-21 06:25:15,buy,0.1355
2013-12-21 06:25:20,buy,0.1355
2013-12-21 06:25:24,buy,0.1355
2013-12-21 06:25:37,buy,0.1355
2013-12-21 06:25:43,buy,0.1355
2013-12-21 06:25:47,buy,0.1355
2013-12-21 06:25:57,buy,0.1355
2013-12-21 06:26:02,buy,0.1355
2013-12-21 06:26:13,buy,0.1355
2013-12-21 06:26:15,buy,0.1355
2013-12-21 06:26:34,buy,0.1355
2013-12-21 06:26:35,buy,0.1355
2013-12-21 06:26:36,buy,0.1355
2013-12-21 06:26:39,buy,0.1355
2013-12-21 06:35:03,sell,0.1350
2013-12-21 06:35:16,buy,0.1370
2013-12-21 07:25:05,buy,0.1370
2013-12-21 07:43:11,sell,0.1352
2013-12-21 07:43:18,sell,0.1352
2013-12-21 07:50:05,buy,0.1379
2013-12-21 08:03:28,sell,0.1355
2013-12-21 08:03:58,sell,0.1350
2013-12-21 08:03:58,sell,0.1350
2013-12-21 08:03:59,sell,0.1350
2013-12-21 08:05:29,sell,0.1351
2013-12-21 08:07:05,sell,0.1351
2013-12-21 08:11:04,sell,0.1351
2013-12-21 08:24:26,sell,0.1370
2013-12-21 08:24:28,sell,0.1370
2013-12-21 08:24:29,sell,0.1370
2013-12-21 08:26:01,buy,0.1400
2013-12-21 08:26:01,buy,0.1400
2013-12-21 08:26:01,buy,0.1400
2013-12-21 08:36:09,buy,0.1380
2013-12-21 08:36:09,buy,0.1380
2013-12-21 08:36:17,sell,0.1370
2013-12-21 08:36:17,sell,0.1370
2013-12-21 08:36:30,sell,0.1370
2013-12-21 08:36:41,buy,0.1380
2013-12-21 08:36:49,buy,0.1380
2013-12-21 08:37:09,buy,0.1380
2013-12-21 08:37:09,buy,0.1380
2013-12-21 08:38:28,buy,0.1380
2013-12-21 08:44:33,sell,0.1370
2013-12-21 08:48:38,buy,0.1400
2013-12-21 08:48:38,buy,0.1400
2013-12-21 08:48:38,buy,0.1400
2013-12-21 08:49:30,buy,0.1400
2013-12-21 08:49:30,buy,0.1400
2013-12-21 08:51:23,buy,0.1399
2013-12-21 08:51:23,buy,0.1399
2013-12-21 09:10:48,sell,0.1370
2013-12-21 09:10:48,sell,0.1370
2013-12-21 09:10:48,sell,0.1370
2013-12-21 09:10:48,sell,0.1370
2013-12-21 09:12:07,buy,0.1399
2013-12-21 09:18:56,sell,0.1399
2013-12-21 09:19:15,sell,0.1399
2013-12-21 09:19:31,sell,0.1399
2013-12-21 09:19:47,sell,0.1399
2013-12-21 09:20:07,sell,0.1399
2013-12-21 09:20:24,sell,0.1399
2013-12-21 09:24:17,sell,0.1370
2013-12-21 09:24:17,sell,0.1370
2013-12-21 09:25:51,sell,0.1370
2013-12-21 09:26:05,sell,0.1370
2013-12-21 09:26:05,sell,0.1370
2013-12-21 09:26:18,sell,0.1370
2013-12-21 09:26:18,sell,0.1370
2013-12-21 09:26:26,sell,0.1370
2013-12-21 09:26:39,sell,0.1371
2013-12-21 09:27:02,sell,0.1371
2013-12-21 09:27:19,sell,0.1371
2013-12-21 09:27:32,sell,0.1371
2013-12-21 09:27:58,sell,0.1371
2013-12-21 09:28:13,sell,0.1371
2013-12-21 09:28:37,sell,0.1371
2013-12-21 09:29:55,sell,0.1371
2013-12-21 09:30:18,sell,0.1351
2013-12-21 09:30:18,sell,0.1351
2013-12-21 09:30:18,sell,0.1351
2013-12-21 09:31:27,sell,0.1351
2013-12-21 09:32:36,sell,0.1350
2013-12-21 09:32:55,sell,0.1350
2013-12-21 09:33:08,sell,0.1350
2013-12-21 09:33:55,sell,0.1350
2013-12-21 09:34:06,sell,0.1350
2013-12-21 09:34:22,sell,0.1350
2013-12-21 09:34:52,sell,0.1350
2013-12-21 09:34:52,sell,0.1350
2013-12-21 09:58:49,buy,0.1389
2013-12-21 09:59:16,buy,0.1389
2013-12-21 10:00:24,buy,0.1389
2013-12-21 10:02:20,buy,0.1400
2013-12-21 10:02:23,sell,0.1415
2013-12-21 10:02:29,sell,0.1415
2013-12-21 10:02:31,buy,0.1400
2013-12-21 10:02:36,buy,0.1400
2013-12-21 10:03:08,buy,0.1415
2013-12-21 10:03:16,sell,0.1415
2013-12-21 10:04:51,sell,0.1415
2013-12-21 10:05:37,buy,0.1415
2013-12-21 10:06:12,buy,0.1415
2013-12-21 10:07:54,sell,0.1415
2013-12-21 10:18:57,sell,0.1408
2013-12-21 10:26:57,buy,0.1439
2013-12-21 10:30:26,buy,0.1389
2013-12-21 10:30:37,buy,0.1389
2013-12-21 10:30:37,buy,0.1389
2013-12-21 10:34:57,buy,0.1440
2013-12-21 10:34:58,buy,0.1440
2013-12-21 10:34:58,buy,0.1440
2013-12-21 10:34:58,buy,0.1440
2013-12-21 10:34:58,buy,0.1440
2013-12-21 10:35:35,sell,0.1424
2013-12-21 10:36:07,buy,0.1440
2013-12-21 10:36:15,buy,0.1440
2013-12-21 10:36:26,buy,0.1440
2013-12-21 10:36:46,buy,0.1440
2013-12-21 10:36:54,buy,0.1440
2013-12-21 10:37:56,sell,0.1430
2013-12-21 10:38:27,buy,0.1440
2013-12-21 10:38:58,buy,0.1440
2013-12-21 10:39:01,buy,0.1440
2013-12-21 10:39:07,buy,0.1440
2013-12-21 10:40:07,buy,0.1440
2013-12-21 10:40:15,buy,0.1440
2013-12-21 10:41:32,buy,0.1440
2013-12-21 10:42:07,sell,0.1430
2013-12-21 10:43:55,buy,0.1440
2013-12-21 10:43:59,buy,0.1440
2013-12-21 10:44:11,buy,0.1447
2013-12-21 10:44:29,buy,0.1450
2013-12-21 10:44:30,buy,0.1450
2013-12-21 10:45:15,buy,0.1450
2013-12-21 10:47:10,sell,0.1450
2013-12-21 10:47:25,sell,0.1450
2013-12-21 10:47:25,sell,0.1450
2013-12-21 10:47:25,sell,0.1450
2013-12-21 10:47:51,sell,0.1450
2013-12-21 10:48:48,sell,0.1460
2013-12-21 10:50:14,sell,0.1460
2013-12-21 10:50:38,sell,0.1460
2013-12-21 10:50:54,sell,0.1460
2013-12-21 10:51:08,sell,0.1460
2013-12-21 10:51:08,sell,0.1460
2013-12-21 10:51:08,sell,0.1460
2013-12-21 10:51:38,sell,0.1460
2013-12-21 10:51:58,sell,0.1460
2013-12-21 10:54:17,buy,0.1496
2013-12-21 10:54:17,buy,0.1496
2013-12-21 10:54:17,buy,0.1496
2013-12-21 10:54:17,buy,0.1496
2013-12-21 10:54:18,buy,0.1496
2013-12-21 10:55:06,sell,0.1460
2013-12-21 10:55:11,buy,0.1495
2013-12-21 10:58:34,buy,0.1460
2013-12-21 10:58:37,sell,0.1460
2013-12-21 10:58:44,buy,0.1460
2013-12-21 10:58:48,sell,0.1460
2013-12-21 11:00:14,sell,0.1460
2013-12-21 11:00:14,sell,0.1460
2013-12-21 11:00:19,sell,0.1460
2013-12-21 11:01:07,buy,0.1460
2013-12-21 11:02:22,buy,0.1450
2013-12-21 11:02:47,buy,0.1450
2013-12-21 11:06:27,sell,0.1459
2013-12-21 11:06:27,sell,0.1459
2013-12-21 11:06:27,sell,0.1459
2013-12-21 11:08:02,sell,0.1459
2013-12-21 11:08:13,buy,0.1459
2013-12-21 11:18:35,sell,0.1430
2013-12-21 11:18:35,sell,0.1430
2013-12-21 11:22:32,sell,0.1431
2013-12-21 11:23:20,sell,0.1431
2013-12-21 11:23:37,sell,0.1441
2013-12-21 11:23:55,sell,0.1441
2013-12-21 11:35:50,sell,0.1431
2013-12-21 11:39:34,sell,0.1431
2013-12-21 11:45:47,sell,0.1431
2013-12-21 11:45:47,sell,0.1431
2013-12-21 11:45:47,sell,0.1431
2013-12-21 11:46:26,sell,0.1431
2013-12-21 11:46:53,sell,0.1465
2013-12-21 11:47:11,sell,0.1465
2013-12-21 11:48:09,sell,0.1465
2013-12-21 11:48:37,sell,0.1465
2013-12-21 11:49:04,sell,0.1465
2013-12-21 11:49:05,sell,0.1465
2013-12-21 11:49:05,sell,0.1465
2013-12-21 11:49:53,sell,0.1465
2013-12-21 11:50:45,sell,0.1465
2013-12-21 11:51:19,sell,0.1465
2013-12-21 11:51:19,sell,0.1465
2013-12-21 11:51:41,sell,0.1465
2013-12-21 11:52:42,sell,0.1465
2013-12-21 11:53:21,sell,0.1465
2013-12-21 11:53:40,sell,0.1465
2013-12-21 11:54:02,sell,0.1465
2013-12-21 11:54:20,sell,0.1465
2013-12-21 11:54:34,sell,0.1465
2013-12-21 11:56:03,sell,0.1465
2013-12-21 11:56:04,sell,0.1465
2013-12-21 11:56:10,sell,0.1465
2013-12-21 11:56:12,sell,0.1465
2013-12-21 11:56:13,sell,0.1465
2013-12-21 11:56:41,buy,0.1469
2013-12-21 11:58:29,buy,0.1450
2013-12-21 11:58:29,sell,0.1465
2013-12-21 11:58:41,buy,0.1450
2013-12-21 11:58:42,sell,0.1430
2013-12-21 11:58:42,sell,0.1430
2013-12-21 11:58:43,sell,0.1430
2013-12-21 12:23:01,buy,0.1440
2013-12-21 12:26:17,buy,0.1440
2013-12-21 12:26:24,buy,0.1440
2013-12-21 12:26:48,buy,0.1440
2013-12-21 12:26:51,buy,0.1440
2013-12-21 12:27:00,buy,0.1440
2013-12-21 12:27:17,buy,0.1440
2013-12-21 12:27:30,buy,0.1440
2013-12-21 12:28:13,buy,0.1440
2013-12-21 12:28:37,buy,0.1440
2013-12-21 12:28:50,buy,0.1440
2013-12-21 12:28:59,buy,0.1440
2013-12-21 12:29:16,buy,0.1440
2013-12-21 12:29:33,buy,0.1440
2013-12-21 12:29:44,buy,0.1440
2013-12-21 12:30:01,buy,0.1440
2013-12-21 12:30:15,buy,0.1440
2013-12-21 12:30:28,buy,0.1440
2013-12-21 12:30:37,buy,0.1440
2013-12-21 12:30:51,buy,0.1440
2013-12-21 12:31:03,buy,0.1440
2013-12-21 12:31:36,buy,0.1440
2013-12-21 12:39:00,sell,0.1430
2013-12-21 12:39:00,sell,0.1430
2013-12-21 12:39:00,sell,0.1430
2013-12-21 12:48:37,buy,0.1440
2013-12-21 12:50:45,sell,0.1430
2013-12-21 12:51:46,sell,0.1430
2013-12-21 12:52:12,sell,0.1430
2013-12-21 12:53:00,sell,0.1430
2013-12-21 12:54:20,sell,0.1430
2013-12-21 12:54:24,sell,0.1430
2013-12-21 12:57:22,sell,0.1430
2013-12-21 12:58:18,sell,0.1430
2013-12-21 13:00:28,sell,0.1430
2013-12-21 13:01:07,sell,0.1430
2013-12-21 13:01:25,sell,0.1430
2013-12-21 13:01:59,sell,0.1430
2013-12-21 13:02:13,sell,0.1430
2013-12-21 13:03:15,sell,0.1430
2013-12-21 13:03:33,sell,0.1430
2013-12-21 13:03:53,sell,0.1430
2013-12-21 13:04:33,sell,0.1430
2013-12-21 13:05:24,sell,0.1430
2013-12-21 13:06:10,sell,0.1430
2013-12-21 13:06:51,sell,0.1430
2013-12-21 13:07:41,sell,0.1430
2013-12-21 13:08:56,sell,0.1430
2013-12-21 13:09:36,buy,0.1458
2013-12-21 13:13:16,sell,0.1400
2013-12-21 13:13:16,sell,0.1400
2013-12-21 13:13:16,sell,0.1400
2013-12-21 13:18:20,buy,0.1400
2013-12-21 13:18:36,buy,0.1400
2013-12-21 13:32:15,sell,0.1390
2013-12-21 13:32:15,sell,0.1390
2013-12-21 13:32:15,sell,0.1390
2013-12-21 13:34:26,sell,0.1390
2013-12-21 13:44:36,sell,0.1390
2013-12-21 13:47:28,buy,0.1412
2013-12-21 13:47:28,buy,0.1412
2013-12-21 13:47:28,buy,0.1412
2013-12-21 13:47:57,buy,0.1412
2013-12-21 13:51:33,buy,0.1380
2013-12-21 13:51:53,buy,0.1380
2013-12-21 13:51:57,buy,0.1380
2013-12-21 13:52:15,buy,0.1380
2013-12-21 13:52:23,buy,0.1380
2013-12-21 13:52:27,buy,0.1380
2013-12-21 13:57:22,buy,0.1380
2013-12-21 13:58:19,buy,0.1380
2013-12-21 14:14:41,sell,0.1371
2013-12-21 14:25:09,sell,0.1379
2013-12-21 14:25:09,sell,0.1379
2013-12-21 14:25:09,sell,0.1379
2013-12-21 14:25:09,sell,0.1379
2013-12-21 14:25:43,sell,0.1370
2013-12-21 14:25:43,sell,0.1370
2013-12-21 14:25:43,sell,0.1370
2013-12-21 14:25:43,sell,0.1370
2013-12-21 14:26:13,sell,0.1360
2013-12-21 14:26:14,sell,0.1360
2013-12-21 14:26:14,sell,0.1360
2013-12-21 14:27:05,buy,0.1370
2013-12-21 14:27:10,buy,0.1370
2013-12-21 14:27:13,buy,0.1370
2013-12-21 14:27:18,buy,0.1370
2013-12-21 14:27:18,buy,0.1370
2013-12-21 14:27:25,buy,0.1370
2013-12-21 14:27:25,buy,0.1370
2013-12-21 14:27:29,buy,0.1370
2013-12-21 14:27:29,buy,0.1370
2013-12-21 14:27:41,buy,0.1370
2013-12-21 14:27:50,buy,0.1370
2013-12-21 14:27:54,buy,0.1370
2013-12-21 14:28:34,buy,0.1370
2013-12-21 14:28:46,buy,0.1370
